1565 2251
263 85 312 122 22
788 97 945 123 ORATIO.

260 190 352 239 tigit
371 195 411 227 et
430 191 503 239 ipsi
534 191 591 227 illi
615 191 653 228 O.
680 191 822 238 Mario,
846 193 911 242 qui
947 192 1084 230 durior
1116 193 1164 230 ad
1195 194 1290 231 haec
1326 194 1454 232 studia

260 253 477 300 videbatur,
495 255 697 302 jucundus
717 255 926 292 fuit—20.
961 256 1101 305 Neque
1122 258 1226 293 enim
1248 258 1453 306 quisquam

258 322 317 353 est
336 322 416 354 tam
447 332 607 355 aversus
641 333 664 356 a
694 319 821 356 Musis
853 320 919 369 qui
954 334 1032 356 non
1064 321 1243 357 mandari
1275 322 1455 358 versibus

256 386 458 419 aeternum
479 396 638 419 suorum
656 384 832 421 laborum
855 384 969 421 facile
991 386 1239 433 praeconium
1262 387 1449 434 patiatur.

256 446 554 483 Themistoclem
576 447 700 493 illum,
723 461 921 485 summum
951 449 1125 485 Athenis
1146 449 1286 494 virum,
1306 449 1452 486 dixisse

255 511 380 557 aiunt,
402 524 490 547 cum
512 524 558 548 ex
581 525 624 548 eo
642 517 906 561 quaereretur,
929 513 1032 562 quod
1052 525 1232 550 acroama
1251 522 1322 550 aut
1342 514 1455 561 cujus

258 588 388 612 vocem
424 576 685 613 libentissime
719 577 886 623 audiret,
915 578 1011 625 ejus,
1047 592 1070 615 a
1105 591 1181 628 quo
1215 591 1286 615 sua
1330 579 1456 614 virtus

256 641 403 689 optime
432 642 734 689 praedicaretur.
768 643 911 691 Itaque
933 643 998 679 ille
1021 643 1175 679 Marius
1196 643 1291 679 item
1312 643 1456 679 eximie

256 705 299 741 L.
340 705 515 742 Plotium
547 706 700 751 dilexit,
730 707 841 755 cujus
871 707 1029 755 ingenio
1065 708 1232 756 putabat
1268 719 1325 753 ea,
1357 719 1457 757 qua-e

255 775 437 818 gesserat,
483 783 594 818 posse
634 771 953 807 celebrari.-21.
1001 771 1321 808 Mithridaticum
1363 784 1455 808 vero

256 835 412 881 bellum,
438 848 622 884 magnum
656 840 774 884 atque
794 836 950 872 difficile
971 840 1011 872 et
1039 836 1080 872 in
1114 836 1240 872 multa
1261 836 1453 873 variet-ate

255 904 360 936 terra
380 900 555 949 marique
577 905 788 946 versatum,
814 905 940 937 totum
961 901 1011 937 ab
1031 901 1103 937 hoc
1129 914 1356 950 expressum
1374 905 1432 937 est
1447 913 1457 947 ς

256 964 323 1014 qui
343 965 433 1001 libri
465 977 543 1001 non
566 965 679 1001 modo
701 964 742 1001 L.
764 965 986 1011 Lucullum,
1009 965 1269 1002 fortissimum
1304 969 1344 1001 et
1378 965 1451 1001 cla-

256 1029 451 1066 rissimum
485 1029 626 1075 virum,
650 1042 784 1066 verum
807 1030 926 1066 otiam
947 1030 1084 1078 populi
1105 1029 1278 1066 Romani
1311 1042 1454 1066 nomen

257 1095 467 1131 illustrant.
529 1095 705 1143 Populus
733 1095 837 1131 enim
871 1094 1076 1131 Romanus
1105 1094 1264 1143 aperuit
1291 1094 1456 1131 Lucullo

257 1161 474 1209 imperante
494 1159 665 1197 Pontum
687 1164 727 1196 et
756 1160 872 1209 regiis
907 1160 1103 1209 quondam
1134 1160 1273 1208 opibus
1302 1164 1342 1196 et
1370 1159 1456 1208 ipsa

256 1230 399 1262 natura
417 1230 458 1262 et
478 1225 633 1274 regione
655 1225 871 1271 vallatum3
898 1225 1035 1274 populi
1057 1225 1227 1261 Romani
1256 1225 1454 1261 exercitus

256 1290 389 1326 eodem
411 1290 507 1326 duce
527 1303 607 1326 non
628 1289 800 1326 maxima
820 1302 938 1325 manu
959 1288 1267 1325 innumerabiles
1288 1289 1454 1324 Armen-

256 1355 382 1391 iorum
416 1354 545 1403 copias
576 1354 709 1400 fudit3
737 1354 871 1403 populi
904 1353 1073 1389 Romani
1107 1353 1193 1389 laus
1225 1359 1284 1389 est
1316 1353 1451 1389 urbem

257 1419 530 1456 amicissimam
557 1419 835 1467 Cyzicenorum
862 1418 1035 1466 ejusdem
1071 1418 1232 1454 consilio
1264 1430 1312 1453 ex
1347 1417 1452 1453 omni

257 1485 407 1533 impetu
428 1484 534 1533 regio
553 1488 671 1532 atque
691 1483 813 1519 totius
833 1483 925 1519 belli
945 1495 1010 1519 ore
1023 1495 1067 1519 ac
1087 1482 1266 1518 faucibus
1279 1488 1451 1530 ereptam

257 1562 339 1585 esse
359 1553 477 1597 atque
497 1552 718 1594 servatam3
746 1553 881 1584 nostra
913 1560 1065 1596 semper
1095 1547 1246 1583 feretur
1276 1551 1317 1583 et
1346 1559 1452 1595 prae-

257 1613 454 1649 dicabitur
475 1612 515 1648 L.
541 1612 706 1649 Lucullo
726 1612 948 1657 dimicante,
977 1624 1063 1648 cum
1096 1611 1317 1647 interfectis
1349 1610 1452 1646 duci-

258 1679 330 1714 bus
377 1678 559 1726 depressa
596 1677 768 1714 hostium
807 1676 960 1713 classsis
993 1680 1032 1712 et
1071 1676 1311 1712 incredibilis
1349 1675 1453 1724 apud

258 1742 457 1779 Tenedum
493 1755 624 1791 pugna
663 1742 731 1777 illa
766 1741 946 1786 navalis;
975 1745 1110 1777 nostra
1148 1745 1242 1777 sunt
1281 1745 1450 1789 tropaea,

259 1813 393 1844 nostra
431 1811 697 1852 monumenta,
739 1807 862 1843 nostri
898 1806 1089 1854 triumphi
1116 1819 1124 1851 3
1153 1818 1252 1854 quae
1287 1818 1452 1855 quorum

259 1872 426 1921 ingeniis
455 1872 682 1918 efferuntur,
704 1872 753 1907 ab
786 1871 839 1907 eis
860 1871 994 1920 populi
1028 1870 1196 1907 Romani
1225 1871 1330 1907 fama
1359 1870 1454 1907 cele-

259 1937 536 1976 brawa-22.
579 1936 704 1977 Carus
734 1936 814 1975 fuit
855 1935 1048 1975 Africano
1086 1935 1277 1986 superiori
1322 1939 1454 1974 noster
