1565 2251
278 88 326 123 26
797 96 957 123 ORATIO.

276 207 362 231 rum
400 200 441 231 et
477 194 510 231 si
548 194 690 244 quibus
727 194 953 243 regionibus
981 194 1089 231 vitae
1117 193 1289 244 spatium
1319 192 1478 231 circum·

276 259 463 308 seriptum
499 264 569 305 est,
605 259 748 296 eisdem
783 271 917 295 omnes
951 259 1210 307 cogitationes
1250 259 1479 296 terminaret

277 336 376 370 suaS,
398 337 469 360 nec
488 324 612 360 tantis
632 336 672 360 se
691 324 892 360 iaboribus
921 323 1122 372 frangeret
1139 336 1268 372 neque
1289 327 1349 360 tot
1375 324 1479 361 curis

278 388 499 437 vigiliisque
527 393 739 436 angeretur
764 401 835 424 neo
869 389 987 425 toties
1018 388 1067 425 de
1099 388 1185 437 ipsa
1213 388 1296 424 vita
1323 387 1479 425 dimica-

279 458 348 489 ret.
407 452 526 489 Nunc
545 452 690 488 insidet
710 452 900 501 quaedam
929 452 970 488 in
997 452 1145 501 optimo
1166 465 1320 502 quoque
1339 452 1478 499 virtus,

278 530 376 566 quae
396 523 530 553 noctes
558 529 604 554 ae
635 517 718 554 dies
737 518 915 555 animum
943 518 1089 567 gloriae
1109 518 1281 555 stimulis
1308 518 1481 555 concitat

278 586 398 631 atque
425 582 612 619 admonet
640 594 719 618 non
748 595 836 619 cum
875 583 981 619 vitae
1019 587 1195 632 tempore
1233 595 1315 620 esse
1344 582 1480 620 demit-

281 646 437 683 tendam
467 647 874 683 commemorationem
909 647 1080 683 nominis
1118 646 1253 693 nostri,
1293 646 1360 684 sed
1391 659 1477 683 cum

280 712 386 748 omni
407 712 640 760 posteritate
659 711 966 762 adaequandam.

333 776 560 815 XII.—30.
592 778 660 813 An
683 790 772 814 vero
793 784 872 813 tani
896 779 1007 826 parvi
1033 778 1154 814 animi
1176 778 1382 815 videamur
1399 791 1482 815 esse

281 855 424 888 omnes,
457 842 525 891 qui
552 842 593 878 in
619 855 660 878 re
686 842 842 891 publica
861 847 980 892 atque
1006 843 1046 879 in
1076 843 1137 880 his
1165 843 1268 879 vitae
1297 843 1482 892 periculis

283 907 557 957 laboribusque
587 920 799 954 versamur,
831 912 888 951 ut,
919 921 1006 944 cum
1038 920 1158 958 usque
1187 909 1236 944 ad
1260 913 1481 944 extremum

282 973 455 1022 spatium
484 972 636 1009 nullum
667 973 926 1022 tranquillum
954 978 1072 1023 atque
1101 973 1267 1010 otiosum
1298 973 1482 1022 spiritum

282 1037 511 1074 duxerimus
541 1037 742 1074 nobiscum
778 1038 893 1074 simul
928 1038 1119 1075 moritura
1152 1038 1284 1075 omnia
1320 1038 1482 1075 arbitre-

281 1103 393 1139 mur?
448 1103 518 1139 An
555 1107 709 1139 statuas
746 1107 787 1139 et
824 1102 1025 1151 imagines,
1066 1115 1145 1139 non
1183 1102 1402 1139 animorum
1435 1102 1483 1139 si·

281 1168 466 1213 mulacra‚
497 1167 565 1205 sed
594 1180 812 1216 corporum,
844 1167 1017 1204 studiose
1047 1167 1162 1203 multi
1192 1168 1333 1204 summi
1362 1167 1482 1205 homi-

280 1245 350 1269 nes
378 1232 634 1282 reliquerunt,
666 1231 917 1269 consiliorum
954 1231 1174 1281 relinquere
1212 1244 1258 1268 ao
1287 1232 1481 1269 virtutum

280 1301 501 1334 nostrarum
551 1297 715 1345 effigiem
763 1309 895 1334 nonne
951 1296 1075 1333 multo
1123 1296 1239 1333 malle
1282 1296 1479 1344 debemus,

280 1362 444 1399 summis
481 1362 650 1411 ingeniis
688 1374 910 1410 expressam
950 1366 991 1398 et
1028 1361 1218 1410 politam‘l
1274 1360 1359 1410 Ego
1391 1374 1482 1398 vero

279 1427 421 1473 onmia,
453 1440 553 1476 quae
580 1427 773 1476 gerebam,
799 1427 882 1475 jam
911 1430 996 1463 tum
1035 1427 1078 1463 in
1106 1426 1275 1476 gerendo
1304 1439 1484 1476 spargere

279 1505 341 1528 me
370 1505 415 1529 ao
448 1492 703 1529 disseminare
733 1491 957 1528 arbitrabar
989 1491 1030 1527 in
1055 1490 1160 1528 orbis
1187 1495 1315 1528 terrae
1344 1504 1484 1529 memo·

279 1558 378 1594 riam
416 1557 704 1606 sempiternam.
766 1556 877 1593 Haec
924 1569 1017 1593 vero
1055 1556 1137 1593 sive
1174 1568 1198 1592 a
1235 1568 1321 1593 meo
1367 1569 1483 1594 sensu

279 1626 368 1670 post
395 1626 561 1658 mortem
591 1621 753 1658 afutura
781 1627 842 1659 est
869 1621 963 1669 sive,
996 1625 1040 1658 ut
1069 1621 1349 1671 sapientissimi
1379 1621 1484 1659 hom·

279 1687 363 1723 ines
391 1690 646 1736 putaverunt,
678 1685 727 1722 ad
761 1685 931 1735 aliquam
960 1686 1035 1722 mei
1073 1690 1225 1735 partem
1254 1686 1481 1735 pertinebit,

280 1764 385 1787 nunc
420 1751 578 1800 quidem
613 1755 718 1787 certe
752 1750 990 1800 cogitatione
1025 1751 1194 1800 quadam
1233 1762 1378 1801 speque
1421 1751 1484 1789 de·

281 1818 411 1854 lector.

252 1928 255 1929 ⁷
333 1881 395 1918 31.
429 1881 560 1926 Quare
579 1884 820 1927 conservate,
844 1880 1009 1930 judices,
1031 1881 1228 1920 hominem
1254 1882 1404 1932 pudore
1423 1895 1481 1929 eo,

279 1959 394 1999 quem
433 1946 645 1985 amicorum
686 1945 831 1983 videtis
869 1947 1112 1997 comprobari
1151 1961 1237 1986 cum
1287 1948 1482 1998 dignitate
