<?xml version="1.0" encoding="UTF-8"?>
<!DOCTYPE html PUBLIC "-//W3C//DTD XHTML 1.0 Transitional//EN"
    "http://www.w3.org/TR/xhtml1/DTD/xhtml1-transitional.dtd">
<html xmlns="http://www.w3.org/1999/xhtml" xml:lang="en" lang="en">
 <head>
  <title>
</title>
<meta http-equiv="Content-Type" content="text/html;charset=utf-8" />
  <meta name='ocr-system' content='tesseract 3.04.00' />
  <meta name='ocr-capabilities' content='ocr_page ocr_carea ocr_par ocr_line ocrx_word'/>
</head>
<body>
  <div class='ocr_page' id='page_1' title='image "./orationescaesari00ciceuoft/orationescaesari00ciceuoft_0020.png"; bbox 0 0 1565 2251; ppageno 0'>
   <div class='ocr_carea' id='block_1_1' title="bbox 226 30 900 68">
    <p class='ocr_par' dir='ltr' id='par_1_1' title="bbox 226 30 900 68">
     <span class='ocr_line' id='line_1_1' title="bbox 226 30 900 68; baseline 0 -1"><span class='ocrx_word' id='word_1_1' title='bbox 226 31 272 67; x_wconf 77' lang='lat'>14</span> <span class='ocrx_word' id='word_1_2' title='bbox 742 30 900 68; x_wconf 75' lang='lat' dir='ltr'>onArl&#39;o.</span> 
     </span>
    </p>
   </div>
   <div class='ocr_carea' id='block_1_2' title="bbox 219 137 1422 1940">
    <p class='ocr_par' dir='ltr' id='par_1_2' title="bbox 219 137 1422 1940">
     <span class='ocr_line' id='line_1_2' title="bbox 222 137 1416 189; baseline 0.002 -15"><span class='ocrx_word' id='word_1_3' title='bbox 222 151 296 186; x_wconf 91' lang='lat' dir='ltr'>que</span> <span class='ocrx_word' id='word_1_4' title='bbox 313 138 364 175; x_wconf 84' lang='lat' dir='ltr'>ab</span> <span class='ocrx_word' id='word_1_5' title='bbox 392 138 448 175; x_wconf 88' lang='lat' dir='ltr'>eis</span> <span class='ocrx_word' id='word_1_6' title='bbox 466 138 629 182; x_wconf 76' lang='lat' dir='ltr'>artibus,</span> <span class='ocrx_word' id='word_1_7' title='bbox 652 138 794 189; x_wconf 86' lang='lat' dir='ltr'>quibus</span> <span class='ocrx_word' id='word_1_8' title='bbox 813 142 921 175; x_wconf 86' lang='lat' dir='ltr'>aetas</span> <span class='ocrx_word' id='word_1_9' title='bbox 940 137 1103 187; x_wconf 80' lang='lat' dir='ltr'>puerilis</span> <span class='ocrx_word' id='word_1_10' title='bbox 1123 138 1172 175; x_wconf 90' lang='lat' dir='ltr'>ad</span> <span class='ocrx_word' id='word_1_11' title='bbox 1200 137 1416 176; x_wconf 80' lang='lat' dir='ltr'>humanita-</span> 
     </span>
     <span class='ocr_line' id='line_1_3' title="bbox 223 203 1416 250; baseline 0.001 -12"><span class='ocrx_word' id='word_1_12' title='bbox 223 210 299 239; x_wconf 86' lang='lat' dir='ltr'>tem</span> <span class='ocrx_word' id='word_1_13' title='bbox 321 203 527 240; x_wconf 86' lang='lat' dir='ltr'>informari</span> <span class='ocrx_word' id='word_1_14' title='bbox 548 203 658 250; x_wconf 89' lang='lat' dir='ltr'>solet,</span> <span class='ocrx_word' id='word_1_15' title='bbox 685 215 726 242; x_wconf 86' lang='lat' dir='ltr'>se</span> <span class='ocrx_word' id='word_1_16' title='bbox 756 203 806 240; x_wconf 89' lang='lat' dir='ltr'>ad</span> <span class='ocrx_word' id='word_1_17' title='bbox 831 203 1027 240; x_wconf 88' lang='lat' dir='ltr'>scribendi</span> <span class='ocrx_word' id='word_1_18' title='bbox 1050 203 1226 240; x_wconf 84' lang='lat' dir='ltr'>studium</span> <span class='ocrx_word' id='word_1_19' title='bbox 1241 203 1416 249; x_wconf 67' lang='lat' dir='ltr'>cont-ulit,</span> 
     </span>
     <span class='ocr_line' id='line_1_4' title="bbox 221 266 1418 315; baseline 0 -12"><span class='ocrx_word' id='word_1_20' title='bbox 221 267 391 315; x_wconf 87' lang='lat' dir='ltr'>primum</span> <span class='ocrx_word' id='word_1_21' title='bbox 416 266 799 304; x_wconf 76' lang='lat' dir='ltr'>Antiochiae—nam</span> <span class='ocrx_word' id='word_1_22' title='bbox 827 268 881 303; x_wconf 85' lang='lat' dir='ltr'>ibi</span> <span class='ocrx_word' id='word_1_23' title='bbox 908 273 1026 304; x_wconf 88' lang='lat' dir='ltr'>natus</span> <span class='ocrx_word' id='word_1_24' title='bbox 1056 274 1115 304; x_wconf 85' lang='lat' dir='ltr'>est</span> <span class='ocrx_word' id='word_1_25' title='bbox 1136 268 1219 305; x_wconf 87' lang='lat' dir='ltr'>loco</span> <span class='ocrx_word' id='word_1_26' title='bbox 1246 267 1418 305; x_wconf 79' lang='lat' dir='ltr'>nobili—</span> 
     </span>
     <span class='ocr_line' id='line_1_5' title="bbox 220 331 1418 381; baseline 0.001 -14"><span class='ocrx_word' id='word_1_27' title='bbox 220 332 363 368; x_wconf 84' lang='lat' dir='ltr'>eelebri</span> <span class='ocrx_word' id='word_1_28' title='bbox 383 332 581 381; x_wconf 88' lang='lat' dir='ltr'>quondam</span> <span class='ocrx_word' id='word_1_29' title='bbox 604 334 701 368; x_wconf 88' lang='lat' dir='ltr'>urbe</span> <span class='ocrx_word' id='word_1_30' title='bbox 731 337 772 369; x_wconf 88' lang='lat' dir='ltr'>et</span> <span class='ocrx_word' id='word_1_31' title='bbox 804 332 962 381; x_wconf 85' lang='lat' dir='ltr'>copiosa</span> <span class='ocrx_word' id='word_1_32' title='bbox 990 337 1111 380; x_wconf 83' lang='lat' dir='ltr'>atque</span> <span class='ocrx_word' id='word_1_33' title='bbox 1142 331 1418 369; x_wconf 73' lang='lat' dir='ltr'><strong>eruditissimis</strong></span> 
     </span>
     <span class='ocr_line' id='line_1_6' title="bbox 220 395 1418 445; baseline 0 -14"><span class='ocrx_word' id='word_1_34' title='bbox 220 395 446 432; x_wconf 86' lang='lat' dir='ltr'>hominibus</span> <span class='ocrx_word' id='word_1_35' title='bbox 465 395 830 445; x_wconf 70' lang='lat' dir='ltr'>liberalissimisque</span> <span class='ocrx_word' id='word_1_36' title='bbox 849 395 995 432; x_wconf 80' lang='lat' dir='ltr'>studiis</span> <span class='ocrx_word' id='word_1_37' title='bbox 1015 396 1219 443; x_wconf 69' lang='lat' dir='ltr'>adfluenti,</span> <span class='ocrx_word' id='word_1_38' title='bbox 1242 395 1418 434; x_wconf 77' lang='lat' dir='ltr'>celeriter</span> 
     </span>
     <span class='ocr_line' id='line_1_7' title="bbox 219 459 1413 510; baseline 0 -14"><span class='ocrx_word' id='word_1_39' title='bbox 219 460 452 496; x_wconf 88' lang='lat' dir='ltr'>antecellere</span> <span class='ocrx_word' id='word_1_40' title='bbox 481 460 666 496; x_wconf 87' lang='lat' dir='ltr'>omnibus</span> <span class='ocrx_word' id='word_1_41' title='bbox 689 460 833 510; x_wconf 79' lang='lat' dir='ltr'>ingenii</span> <span class='ocrx_word' id='word_1_42' title='bbox 865 460 991 509; x_wconf 76' lang='lat' dir='ltr'>gloria</span> <span class='ocrx_word' id='word_1_43' title='bbox 1019 461 1197 510; x_wconf 80' lang='lat' dir='ltr'>contigit.</span> <span class='ocrx_word' id='word_1_44' title='bbox 1258 460 1354 498; x_wconf 86' lang='lat' dir='ltr'>Post</span> <span class='ocrx_word' id='word_1_45' title='bbox 1373 459 1413 498; x_wconf 79' lang='lat' dir='ltr'>in</span> 
     </span>
     <span class='ocr_line' id='line_1_8' title="bbox 221 524 1418 574; baseline 0.001 -14"><span class='ocrx_word' id='word_1_46' title='bbox 221 525 360 561; x_wconf 88' lang='lat' dir='ltr'>ceteris</span> <span class='ocrx_word' id='word_1_47' title='bbox 391 525 512 561; x_wconf 87' lang='lat' dir='ltr'>Asiae</span> <span class='ocrx_word' id='word_1_48' title='bbox 541 525 722 573; x_wconf 70' lang='lat' dir='ltr'>partibus</span> <span class='ocrx_word' id='word_1_49' title='bbox 753 529 996 574; x_wconf 74' lang='lat' dir='ltr'>cunctaeque</span> <span class='ocrx_word' id='word_1_50' title='bbox 1030 524 1217 562; x_wconf 80' lang='lat' dir='ltr'>Graeciae</span> <span class='ocrx_word' id='word_1_51' title='bbox 1249 526 1303 562; x_wconf 79' lang='lat' dir='ltr'>sic</span> <span class='ocrx_word' id='word_1_52' title='bbox 1337 525 1418 572; x_wconf 79' lang='lat' dir='ltr'>ejus</span> 
     </span>
     <span class='ocr_line' id='line_1_9' title="bbox 219 589 1417 638; baseline 0 -13"><span class='ocrx_word' id='word_1_53' title='bbox 219 589 415 625; x_wconf 87' lang='lat' dir='ltr'>adventus</span> <span class='ocrx_word' id='word_1_54' title='bbox 435 589 749 633; x_wconf 78' lang='lat' dir='ltr'>celebrabantur,</span> <span class='ocrx_word' id='word_1_55' title='bbox 772 594 818 625; x_wconf 90' lang='lat' dir='ltr'>ut</span> <span class='ocrx_word' id='word_1_56' title='bbox 839 589 986 625; x_wconf 85' lang='lat' dir='ltr'>famam</span> <span class='ocrx_word' id='word_1_57' title='bbox 1009 589 1157 638; x_wconf 85' lang='lat' dir='ltr'>ingenii</span> <span class='ocrx_word' id='word_1_58' title='bbox 1178 589 1417 638; x_wconf 69' lang='lat' dir='ltr'>exspectatio</span> 
     </span>
     <span class='ocr_line' id='line_1_10' title="bbox 220 655 1417 705; baseline 0.002 -15"><span class='ocrx_word' id='word_1_59' title='bbox 220 655 400 701; x_wconf 86' lang='lat' dir='ltr'>hominis,</span> <span class='ocrx_word' id='word_1_60' title='bbox 422 656 757 704; x_wconf 78' lang='lat' dir='ltr'>exspectationem</span> <span class='ocrx_word' id='word_1_61' title='bbox 771 655 895 704; x_wconf 89' lang='lat' dir='ltr'>ipsius</span> <span class='ocrx_word' id='word_1_62' title='bbox 915 655 1112 691; x_wconf 81' lang='lat' dir='ltr'>adventus</span> <span class='ocrx_word' id='word_1_63' title='bbox 1132 656 1417 705; x_wconf 75' lang='lat' dir='ltr'>admiratioque</span> 
     </span>
     <span class='ocr_line' id='line_1_11' title="bbox 219 720 1417 770; baseline 0.001 -14"><span class='ocrx_word' id='word_1_64' title='bbox 219 720 526 768; x_wconf 64' lang='lat' dir='ltr'>superaret—5.</span> <span class='ocrx_word' id='word_1_65' title='bbox 561 720 660 756; x_wconf 86' lang='lat' dir='ltr'>Erat</span> <span class='ocrx_word' id='word_1_66' title='bbox 709 720 831 756; x_wconf 85' lang='lat' dir='ltr'>Italia</span> <span class='ocrx_word' id='word_1_67' title='bbox 878 725 974 757; x_wconf 90' lang='lat' dir='ltr'>tunc</span> <span class='ocrx_word' id='word_1_68' title='bbox 1018 721 1134 770; x_wconf 84' lang='lat' dir='ltr'>plena</span> <span class='ocrx_word' id='word_1_69' title='bbox 1182 721 1417 758; x_wconf 83' lang='lat' dir='ltr'>Graecarum</span> 
     </span>
     <span class='ocr_line' id='line_1_12' title="bbox 220 783 1418 834; baseline 0.002 -14"><span class='ocrx_word' id='word_1_70' title='bbox 220 784 364 821; x_wconf 86' lang='lat' dir='ltr'>artium</span> <span class='ocrx_word' id='word_1_71' title='bbox 395 797 439 821; x_wconf 88' lang='lat' dir='ltr'>ac</span> <span class='ocrx_word' id='word_1_72' title='bbox 467 783 762 833; x_wconf 83' lang='lat' dir='ltr'>disciplinarum</span> <span class='ocrx_word' id='word_1_73' title='bbox 793 785 1004 834; x_wconf 83' lang='lat' dir='ltr'>studiaque</span> <span class='ocrx_word' id='word_1_74' title='bbox 1038 785 1132 822; x_wconf 83' lang='lat' dir='ltr'>haec</span> <span class='ocrx_word' id='word_1_75' title='bbox 1165 791 1206 821; x_wconf 87' lang='lat' dir='ltr'>et</span> <span class='ocrx_word' id='word_1_76' title='bbox 1235 785 1276 822; x_wconf 90' lang='lat' dir='ltr'>in</span> <span class='ocrx_word' id='word_1_77' title='bbox 1307 785 1418 822; x_wconf 83' lang='lat' dir='ltr'>Latio</span> 
     </span>
     <span class='ocr_line' id='line_1_13' title="bbox 220 849 1415 899; baseline 0.002 -13"><span class='ocrx_word' id='word_1_78' title='bbox 220 849 492 886; x_wconf 74' lang='lat' dir='ltr'>vehementius</span> <span class='ocrx_word' id='word_1_79' title='bbox 512 854 596 886; x_wconf 90' lang='lat' dir='ltr'>tum</span> <span class='ocrx_word' id='word_1_80' title='bbox 617 850 850 886; x_wconf 86' lang='lat' dir='ltr'>colebantur</span> <span class='ocrx_word' id='word_1_81' title='bbox 870 863 986 899; x_wconf 81' lang='lat' dir='ltr'>quani</span> <span class='ocrx_word' id='word_1_82' title='bbox 1009 863 1112 886; x_wconf 87' lang='lat' dir='ltr'>nunc</span> <span class='ocrx_word' id='word_1_83' title='bbox 1130 850 1276 887; x_wconf 89' lang='lat' dir='ltr'>eisdem</span> <span class='ocrx_word' id='word_1_84' title='bbox 1291 850 1333 887; x_wconf 80' lang='lat' dir='ltr'>in</span> <span class='ocrx_word' id='word_1_85' title='bbox 1355 863 1415 899; x_wconf 84' lang='lat' dir='ltr'>op·</span> 
     </span>
     <span class='ocr_line' id='line_1_14' title="bbox 219 915 1418 966; baseline 0.002 -15"><span class='ocrx_word' id='word_1_86' title='bbox 219 915 322 964; x_wconf 88' lang='lat' dir='ltr'>pidis</span> <span class='ocrx_word' id='word_1_87' title='bbox 341 915 457 952; x_wconf 87' lang='lat' dir='ltr'>ethic</span> <span class='ocrx_word' id='word_1_88' title='bbox 474 916 625 952; x_wconf 85' lang='lat' dir='ltr'>Romae</span> <span class='ocrx_word' id='word_1_89' title='bbox 644 920 806 965; x_wconf 84' lang='lat' dir='ltr'>propter</span> <span class='ocrx_word' id='word_1_90' title='bbox 822 916 1154 966; x_wconf 81' lang='lat' dir='ltr'>tranquillitatem</span> <span class='ocrx_word' id='word_1_91' title='bbox 1170 917 1226 953; x_wconf 89' lang='lat' dir='ltr'>rei</span> <span class='ocrx_word' id='word_1_92' title='bbox 1241 916 1418 965; x_wconf 67' lang='lat' dir='ltr'>publicae</span> 
     </span>
     <span class='ocr_line' id='line_1_15' title="bbox 219 980 1416 1029; baseline 0.001 -13"><span class='ocrx_word' id='word_1_93' title='bbox 219 992 298 1016; x_wconf 89' lang='lat' dir='ltr'>non</span> <span class='ocrx_word' id='word_1_94' title='bbox 318 980 629 1029; x_wconf 78' lang='lat' dir='ltr'>negligebantur.</span> <span class='ocrx_word' id='word_1_95' title='bbox 691 980 833 1029; x_wconf 90' lang='lat' dir='ltr'>Itaque</span> <span class='ocrx_word' id='word_1_96' title='bbox 862 980 967 1017; x_wconf 91' lang='lat' dir='ltr'>hunc</span> <span class='ocrx_word' id='word_1_97' title='bbox 997 986 1037 1017; x_wconf 88' lang='lat' dir='ltr'>et</span> <span class='ocrx_word' id='word_1_98' title='bbox 1057 981 1266 1018; x_wconf 83' lang='lat' dir='ltr'>Tarentini</span> <span class='ocrx_word' id='word_1_99' title='bbox 1285 985 1326 1018; x_wconf 88' lang='lat' dir='ltr'>et</span> <span class='ocrx_word' id='word_1_100' title='bbox 1348 980 1416 1017; x_wconf 79' lang='lat' dir='ltr'>Re-</span> 
     </span>
     <span class='ocr_line' id='line_1_16' title="bbox 219 1044 1417 1094; baseline 0.001 -13"><span class='ocrx_word' id='word_1_101' title='bbox 219 1044 301 1094; x_wconf 89' lang='lat' dir='ltr'>gini</span> <span class='ocrx_word' id='word_1_102' title='bbox 320 1049 360 1081; x_wconf 90' lang='lat' dir='ltr'>et</span> <span class='ocrx_word' id='word_1_103' title='bbox 381 1044 639 1094; x_wconf 86' lang='lat' dir='ltr'>Neapolitani</span> <span class='ocrx_word' id='word_1_104' title='bbox 660 1045 823 1082; x_wconf 89' lang='lat' dir='ltr'>civitate</span> <span class='ocrx_word' id='word_1_105' title='bbox 843 1045 1062 1094; x_wconf 86' lang='lat' dir='ltr'>ceterisque</span> <span class='ocrx_word' id='word_1_106' title='bbox 1092 1046 1278 1094; x_wconf 77' lang='lat' dir='ltr'>praemiis</span> <span class='ocrx_word' id='word_1_107' title='bbox 1302 1046 1417 1082; x_wconf 85' lang='lat' dir='ltr'>dona-</span> 
     </span>
     <span class='ocr_line' id='line_1_17' title="bbox 220 1109 1419 1159; baseline 0.001 -14"><span class='ocrx_word' id='word_1_108' title='bbox 220 1114 313 1146; x_wconf 86' lang='lat' dir='ltr'>runt</span> <span class='ocrx_word' id='word_1_109' title='bbox 327 1114 366 1146; x_wconf 87' lang='lat' dir='ltr'>et</span> <span class='ocrx_word' id='word_1_110' title='bbox 379 1122 523 1156; x_wconf 85' lang='lat' dir='ltr'>omnes,</span> <span class='ocrx_word' id='word_1_111' title='bbox 546 1109 612 1159; x_wconf 91' lang='lat' dir='ltr'>qui</span> <span class='ocrx_word' id='word_1_112' title='bbox 625 1109 774 1158; x_wconf 86' lang='lat' dir='ltr'>aliquid</span> <span class='ocrx_word' id='word_1_113' title='bbox 789 1109 836 1146; x_wconf 87' lang='lat' dir='ltr'>de</span> <span class='ocrx_word' id='word_1_114' title='bbox 852 1109 1024 1158; x_wconf 84' lang='lat' dir='ltr'>ingeniis</span> <span class='ocrx_word' id='word_1_115' title='bbox 1036 1110 1245 1158; x_wconf 79' lang='lat' dir='ltr'>poterantj</span> <span class='ocrx_word' id='word_1_116' title='bbox 1253 1109 1419 1156; x_wconf 79' lang='lat' dir='ltr'>udicare,</span> 
     </span>
     <span class='ocr_line' id='line_1_18' title="bbox 219 1174 1421 1224; baseline 0.001 -14"><span class='ocrx_word' id='word_1_117' title='bbox 219 1174 440 1223; x_wconf 84' lang='lat' dir='ltr'>cognitione</span> <span class='ocrx_word' id='word_1_118' title='bbox 459 1178 578 1224; x_wconf 85' lang='lat' dir='ltr'>atque</span> <span class='ocrx_word' id='word_1_119' title='bbox 599 1174 771 1222; x_wconf 84' lang='lat' dir='ltr'>hospitio</span> <span class='ocrx_word' id='word_1_120' title='bbox 793 1174 954 1222; x_wconf 82' lang='lat' dir='ltr'>dignum</span> <span class='ocrx_word' id='word_1_121' title='bbox 976 1175 1269 1211; x_wconf 84' lang='lat' dir='ltr'>existimarunt.</span> <span class='ocrx_word' id='word_1_122' title='bbox 1330 1174 1421 1211; x_wconf 89' lang='lat' dir='ltr'>Hac</span> 
     </span>
     <span class='ocr_line' id='line_1_19' title="bbox 219 1239 1422 1287; baseline 0.001 -13"><span class='ocrx_word' id='word_1_123' title='bbox 219 1243 333 1275; x_wconf 83' lang='lat' dir='ltr'>tanta</span> <span class='ocrx_word' id='word_1_124' title='bbox 365 1239 594 1276; x_wconf 84' lang='lat' dir='ltr'>celebritate</span> <span class='ocrx_word' id='word_1_125' title='bbox 633 1239 762 1275; x_wconf 87' lang='lat' dir='ltr'>famae</span> <span class='ocrx_word' id='word_1_126' title='bbox 800 1252 887 1276; x_wconf 89' lang='lat' dir='ltr'>eum</span> <span class='ocrx_word' id='word_1_127' title='bbox 926 1243 1028 1276; x_wconf 88' lang='lat' dir='ltr'>esset</span> <span class='ocrx_word' id='word_1_128' title='bbox 1061 1239 1145 1287; x_wconf 87' lang='lat' dir='ltr'>jam</span> <span class='ocrx_word' id='word_1_129' title='bbox 1189 1239 1422 1276; x_wconf 85' lang='lat' dir='ltr'>absentibus</span> 
     </span>
     <span class='ocr_line' id='line_1_20' title="bbox 219 1303 1420 1350; baseline 0 -10"><span class='ocrx_word' id='word_1_130' title='bbox 219 1308 348 1350; x_wconf 84' lang='lat' dir='ltr'>notus,</span> <span class='ocrx_word' id='word_1_131' title='bbox 371 1303 539 1341; x_wconf 84' lang='lat' dir='ltr'>Romam</span> <span class='ocrx_word' id='word_1_132' title='bbox 558 1304 668 1340; x_wconf 87' lang='lat' dir='ltr'>venit</span> <span class='ocrx_word' id='word_1_133' title='bbox 690 1303 819 1341; x_wconf 86' lang='lat' dir='ltr'>Mario</span> <span class='ocrx_word' id='word_1_134' title='bbox 840 1303 998 1340; x_wconf 84' lang='lat' dir='ltr'>consule</span> <span class='ocrx_word' id='word_1_135' title='bbox 1018 1308 1058 1340; x_wconf 86' lang='lat' dir='ltr'>et</span> <span class='ocrx_word' id='word_1_136' title='bbox 1078 1303 1231 1341; x_wconf 84' lang='lat' dir='ltr'>Catulo.</span> <span class='ocrx_word' id='word_1_137' title='bbox 1264 1303 1420 1340; x_wconf 83' lang='lat' dir='ltr'>Nactus</span> 
     </span>
     <span class='ocr_line' id='line_1_21' title="bbox 219 1368 1420 1418; baseline -0.001 -13"><span class='ocrx_word' id='word_1_138' title='bbox 219 1374 279 1405; x_wconf 87' lang='lat' dir='ltr'>est</span> <span class='ocrx_word' id='word_1_139' title='bbox 298 1368 467 1418; x_wconf 89' lang='lat' dir='ltr'>primum</span> <span class='ocrx_word' id='word_1_140' title='bbox 488 1368 666 1405; x_wconf 80' lang='lat' dir='ltr'>consules</span> <span class='ocrx_word' id='word_1_141' title='bbox 687 1381 762 1413; x_wconf 71' lang='grc'><strong>605,</strong></span> <span class='ocrx_word' id='word_1_142' title='bbox 785 1381 950 1417; x_wconf 84' lang='lat' dir='ltr'>quorum</span> <span class='ocrx_word' id='word_1_143' title='bbox 971 1368 1074 1405; x_wconf 86' lang='lat' dir='ltr'>alter</span> <span class='ocrx_word' id='word_1_144' title='bbox 1094 1381 1154 1405; x_wconf 86' lang='lat' dir='ltr'>res</span> <span class='ocrx_word' id='word_1_145' title='bbox 1174 1368 1224 1405; x_wconf 84' lang='lat' dir='ltr'>ad</span> <span class='ocrx_word' id='word_1_146' title='bbox 1253 1368 1420 1405; x_wconf 81' lang='lat' dir='ltr'>scriben-</span> 
     </span>
     <span class='ocr_line' id='line_1_22' title="bbox 219 1431 1420 1482; baseline -0.002 -12"><span class='ocrx_word' id='word_1_147' title='bbox 219 1433 313 1470; x_wconf 88' lang='lat' dir='ltr'>dum</span> <span class='ocrx_word' id='word_1_148' title='bbox 333 1433 538 1480; x_wconf 85' lang='lat' dir='ltr'>maximas,</span> <span class='ocrx_word' id='word_1_149' title='bbox 559 1433 661 1470; x_wconf 87' lang='lat' dir='ltr'>alter</span> <span class='ocrx_word' id='word_1_150' title='bbox 680 1446 767 1470; x_wconf 79' lang='lat' dir='ltr'>cuin</span> <span class='ocrx_word' id='word_1_151' title='bbox 783 1446 843 1470; x_wconf 84' lang='lat' dir='ltr'>res</span> <span class='ocrx_word' id='word_1_152' title='bbox 857 1437 988 1482; x_wconf 82' lang='lat' dir='ltr'>gestas</span> <span class='ocrx_word' id='word_1_153' title='bbox 1004 1437 1088 1469; x_wconf 78' lang='lat' dir='ltr'>tum</span> <span class='ocrx_word' id='word_1_154' title='bbox 1103 1432 1223 1469; x_wconf 88' lang='lat' dir='ltr'>etiam</span> <span class='ocrx_word' id='word_1_155' title='bbox 1244 1431 1420 1469; x_wconf 89' lang='lat' dir='ltr'>studium</span> 
     </span>
     <span class='ocr_line' id='line_1_23' title="bbox 219 1496 1420 1547; baseline 0 -14"><span class='ocrx_word' id='word_1_156' title='bbox 219 1503 338 1547; x_wconf 88' lang='lat' dir='ltr'>atque</span> <span class='ocrx_word' id='word_1_157' title='bbox 375 1511 491 1534; x_wconf 87' lang='lat' dir='ltr'>aures</span> <span class='ocrx_word' id='word_1_158' title='bbox 525 1497 713 1534; x_wconf 85' lang='lat' dir='ltr'>adhibere</span> <span class='ocrx_word' id='word_1_159' title='bbox 745 1502 885 1547; x_wconf 88' lang='lat' dir='ltr'>posset.</span> <span class='ocrx_word' id='word_1_160' title='bbox 947 1496 1091 1534; x_wconf 83' lang='lat' dir='ltr'>Statim</span> <span class='ocrx_word' id='word_1_161' title='bbox 1127 1496 1298 1543; x_wconf 90' lang='lat' dir='ltr'>Luculli,</span> <span class='ocrx_word' id='word_1_162' title='bbox 1333 1510 1420 1534; x_wconf 87' lang='lat' dir='ltr'>eum</span> 
     </span>
     <span class='ocr_line' id='line_1_24' title="bbox 220 1562 1419 1611; baseline -0.001 -12"><span class='ocrx_word' id='word_1_163' title='bbox 220 1567 494 1611; x_wconf 85' lang='lat' dir='ltr'>praetextatus</span> <span class='ocrx_word' id='word_1_164' title='bbox 528 1563 644 1600; x_wconf 83' lang='lat' dir='ltr'>etiam</span> <span class='ocrx_word' id='word_1_165' title='bbox 680 1566 766 1599; x_wconf 83' lang='lat' dir='ltr'>turn</span> <span class='ocrx_word' id='word_1_166' title='bbox 799 1562 968 1599; x_wconf 81' lang='lat' dir='ltr'>Archias</span> <span class='ocrx_word' id='word_1_167' title='bbox 1002 1566 1116 1608; x_wconf 85' lang='lat' dir='ltr'>esset,</span> <span class='ocrx_word' id='word_1_168' title='bbox 1145 1575 1234 1599; x_wconf 87' lang='lat' dir='ltr'>eum</span> <span class='ocrx_word' id='word_1_169' title='bbox 1262 1562 1419 1599; x_wconf 86' lang='lat' dir='ltr'>domum</span> 
     </span>
     <span class='ocr_line' id='line_1_25' title="bbox 220 1626 1420 1676; baseline -0.001 -13"><span class='ocrx_word' id='word_1_170' title='bbox 220 1640 329 1664; x_wconf 81' lang='lat' dir='ltr'>suam</span> <span class='ocrx_word' id='word_1_171' title='bbox 350 1631 593 1676; x_wconf 86' lang='lat' dir='ltr'>receperunt.</span> <span class='ocrx_word' id='word_1_172' title='bbox 653 1627 730 1665; x_wconf 80' lang='lat' dir='ltr'>Sed</span> <span class='ocrx_word' id='word_1_173' title='bbox 760 1627 878 1664; x_wconf 85' lang='lat' dir='ltr'>etiam</span> <span class='ocrx_word' id='word_1_174' title='bbox 909 1627 980 1664; x_wconf 91' lang='lat' dir='ltr'>hoc</span> <span class='ocrx_word' id='word_1_175' title='bbox 1009 1639 1087 1663; x_wconf 88' lang='lat' dir='ltr'>non</span> <span class='ocrx_word' id='word_1_176' title='bbox 1116 1626 1241 1663; x_wconf 86' lang='lat' dir='ltr'>solum</span> <span class='ocrx_word' id='word_1_177' title='bbox 1271 1626 1420 1676; x_wconf 83' lang='lat' dir='ltr'>ingenii</span> 
     </span>
     <span class='ocr_line' id='line_1_26' title="bbox 219 1691 1422 1740; baseline 0 -12"><span class='ocrx_word' id='word_1_178' title='bbox 219 1705 263 1728; x_wconf 86' lang='lat' dir='ltr'>ac</span> <span class='ocrx_word' id='word_1_179' title='bbox 284 1692 520 1738; x_wconf 86' lang='lat' dir='ltr'>litterarum,</span> <span class='ocrx_word' id='word_1_180' title='bbox 543 1705 679 1729; x_wconf 88' lang='lat' dir='ltr'>verum</span> <span class='ocrx_word' id='word_1_181' title='bbox 700 1692 818 1728; x_wconf 85' lang='lat' dir='ltr'>etiam</span> <span class='ocrx_word' id='word_1_182' title='bbox 840 1697 1006 1728; x_wconf 83' lang='lat' dir='ltr'>naturae</span> <span class='ocrx_word' id='word_1_183' title='bbox 1035 1697 1153 1740; x_wconf 86' lang='lat' dir='ltr'>atque</span> <span class='ocrx_word' id='word_1_184' title='bbox 1184 1691 1358 1736; x_wconf 78' lang='lat' dir='ltr'>virtutis,</span> <span class='ocrx_word' id='word_1_185' title='bbox 1377 1696 1422 1728; x_wconf 82' lang='lat' dir='ltr'>ut</span> 
     </span>
     <span class='ocr_line' id='line_1_27' title="bbox 220 1756 1418 1807; baseline -0.001 -13"><span class='ocrx_word' id='word_1_186' title='bbox 220 1757 368 1803; x_wconf 88' lang='lat' dir='ltr'>domus,</span> <span class='ocrx_word' id='word_1_187' title='bbox 402 1770 500 1807; x_wconf 77' lang='lat' dir='ltr'>quae</span> <span class='ocrx_word' id='word_1_188' title='bbox 534 1757 653 1805; x_wconf 83' lang='lat' dir='ltr'>hujus</span> <span class='ocrx_word' id='word_1_189' title='bbox 681 1756 969 1794; x_wconf 85' lang='lat' dir='ltr'>adolescentiae</span> <span class='ocrx_word' id='word_1_190' title='bbox 1002 1757 1129 1805; x_wconf 86' lang='lat' dir='ltr'>prima</span> <span class='ocrx_word' id='word_1_191' title='bbox 1161 1756 1250 1802; x_wconf 82' lang='lat' dir='ltr'>fuit,</span> <span class='ocrx_word' id='word_1_192' title='bbox 1283 1756 1418 1793; x_wconf 86' lang='lat' dir='ltr'>eadem</span> 
     </span>
     <span class='ocr_line' id='line_1_28' title="bbox 220 1820 1422 1869; baseline 0 -10"><span class='ocrx_word' id='word_1_193' title='bbox 220 1826 322 1859; x_wconf 84' lang='lat' dir='ltr'>esset</span> <span class='ocrx_word' id='word_1_194' title='bbox 359 1822 668 1859; x_wconf 82' lang='lat' dir='ltr'>familiarissima</span> <span class='ocrx_word' id='word_1_195' title='bbox 706 1821 1004 1858; x_wconf 66' lang='lat' dir='ltr'>senectuti—6.</span> <span class='ocrx_word' id='word_1_196' title='bbox 1041 1820 1139 1857; x_wconf 84' lang='lat' dir='ltr'>Erat</span> <span class='ocrx_word' id='word_1_197' title='bbox 1177 1821 1422 1869; x_wconf 83' lang='lat' dir='ltr'>temporibus</span> 
     </span>
     <span class='ocr_line' id='line_1_29' title="bbox 219 1884 1418 1940; baseline -0.003 -13"><span class='ocrx_word' id='word_1_198' title='bbox 219 1887 299 1928; x_wconf 83' lang='lat' dir='ltr'>illis</span> <span class='ocrx_word' id='word_1_199' title='bbox 321 1887 521 1940; x_wconf 74' lang='lat' dir='ltr'>jucundus</span> <span class='ocrx_word' id='word_1_200' title='bbox 552 1886 716 1927; x_wconf 70' lang='lat' dir='ltr'>Metello</span> <span class='ocrx_word' id='word_1_201' title='bbox 745 1886 803 1925; x_wconf 87' lang='lat' dir='ltr'>illi</span> <span class='ocrx_word' id='word_1_202' title='bbox 826 1885 1039 1927; x_wconf 75' lang='lat' dir='ltr'>Numidico</span> <span class='ocrx_word' id='word_1_203' title='bbox 1067 1890 1107 1924; x_wconf 87' lang='lat' dir='ltr'>et</span> <span class='ocrx_word' id='word_1_204' title='bbox 1127 1885 1211 1932; x_wconf 64' lang='lat' dir='ltr'>ejus</span> <span class='ocrx_word' id='word_1_205' title='bbox 1232 1884 1305 1924; x_wconf 91' lang='lat' dir='ltr'>Pio</span> <span class='ocrx_word' id='word_1_206' title='bbox 1326 1885 1418 1932; x_wconf 81' lang='lat' dir='ltr'>filio,</span> 
     </span>
    </p>
   </div>
   <div class='ocr_carea' id='block_1_3' title="bbox 1513 0 1565 1222">
    <p class='ocr_par' dir='ltr' id='par_1_3' title="bbox 1513 0 1565 1222">
     <span class='ocr_line' id='line_1_30' title="bbox 1513 0 1565 1222; baseline 0 0"><span class='ocrx_word' id='word_1_207' title='bbox 1513 0 1565 1222; x_wconf 95' lang='lat' dir='ltr'> </span> 
     </span>
    </p>
   </div>
  </div>
 </body>
</html>
