1565 2251
258 67 308 105 20
776 79 935 109 onum.

258 175 310 210 M.
344 175 532 212 Catonem
571 176 683 212 illum
717 190 876 224 senem;
904 179 971 227 qui
1000 179 1175 228 profecto
1204 180 1238 218 si
1266 180 1367 218 nihil
1395 180 1440 218 ad

254 240 541 288 percipiendam
580 241 857 291 colendamque
889 245 1073 280 virtutem
1115 245 1260 282 litteris
1288 246 1443 294 adjuva·

254 309 403 350 rentur,
424 317 636 353 numquam
659 319 698 342 se
726 306 776 342 ad
804 319 938 343 earum
968 309 1142 346 studium
1173 311 1441 347 contulissent.

256 367 368 413 Quod
388 369 420 405 si
440 381 518 405 non
540 369 601 405 hic
621 374 759 406 tantus
787 369 941 408 fructus
961 374 1237 410 ostenderetur
1265 378 1306 411 et
1334 375 1367 410 si
1395 388 1443 411 ex

255 431 314 470 his
334 433 476 469 studiis
495 433 702 469 delectatio
722 434 804 471 sola
824 439 1032 485 peteretur,
1054 440 1198 482 tamen,
1222 442 1267 473 ut
1295 438 1444 486 opinor,

254 496 354 534 hanc
392 498 514 534 animi
553 498 825 537 adversionem
863 500 1186 538 humanissimam
1220 515 1264 538 ac
1293 502 1442 538 liberal-

255 561 427 597 issimam
458 561 694 600 ”udicaretis
756 562 860 604 Nam
893 569 1043 600 ceterae
1073 578 1199 614 neque
1226 571 1444 615 temporum

255 630 349 661 sunt
387 639 513 675 neque
544 631 718 664 aetatum
751 629 925 665 omnium
963 642 1089 678 neque
1120 629 1318 666 locorum:
1350 630 1445 666 haec

257 690 390 727 studia
436 691 740 729 adolescentiam
780 694 905 738 alunt,
946 697 1187 730 senectutem
1235 693 1446 740 oblectant,

254 755 444 792 secundas
471 769 534 793 res
562 762 716 802 ornant,
747 758 921 793 adversis
950 758 1174 807 perfugium
1195 772 1239 795 ac
1263 759 1446 795 solatium

252 821 453 869 praebent,
493 821 691 858 delectant
720 823 836 867 domi,
868 836 946 859 non
976 823 1196 872 impediunt
1226 823 1333 869 foris,
1364 838 1447 873 per-

254 890 418 921 noctant
439 885 654 932 nobiscum,
677 888 991 936 peregrinantur,
1013 889 1267 925 rusticantur.

305 949 547 988 vlu—17.
581 951 695 995 Quod
742 952 774 987 si
813 952 887 1000 ipsi
935 951 1029 989 haec
1078 965 1203 1001 neque
1248 953 1444 1002 attingere

253 1027 377 1063 neque
398 1028 511 1051 sensu
533 1020 666 1052 nostro
686 1021 842 1064 gustare
863 1028 1073 1064 possemus,
1097 1020 1229 1053 tamen
1249 1029 1294 1053 ea
1314 1017 1445 1053 mirari

252 1079 489 1124 deberemus,
513 1079 631 1115 etiam
661 1093 749 1116 cum
779 1081 819 1116 in
840 1080 927 1116 aliis
948 1080 1177 1116 videremus.
1238 1081 1336 1125 Quis
1364 1094 1444 1117 nos-

255 1148 358 1179 trum
379 1148 459 1179 tam
480 1145 612 1180 animo
632 1145 776 1193 agresti
796 1157 840 1181 ac
859 1145 958 1181 duro
978 1144 1067 1190 fuit,
1091 1148 1136 1180 ut
1164 1144 1296 1181 Roscii
1323 1149 1448 1182 morte

254 1221 378 1257 nuper
397 1222 476 1245 non
496 1210 834 1246 commoveretur?
891 1209 968 1254 Qui
989 1222 1074 1245 cum
1098 1214 1199 1246 esset
1219 1222 1339 1246 senex
1353 1223 1448 1246 mor-

254 1278 357 1319 tuus,
378 1278 511 1310 tamen
531 1280 691 1323 propter
711 1274 967 1311 excellentem
989 1279 1113 1310 artem
1134 1287 1178 1310 ac
1198 1278 1445 1310 venustatem

255 1338 462 1374 videbatur
480 1339 639 1375 omnino
668 1339 766 1375 mori
795 1352 873 1375 non
893 1339 1081 1375 debuisse.
1142 1339 1246 1387 Ergo
1275 1338 1341 1375 ille
1369 1352 1448 1375 cor-

254 1403 358 1451 poris
379 1408 487 1439 motu
521 1407 678 1439 tantum
708 1416 881 1440 amorem
912 1404 987 1440 sibi
1018 1403 1247 1440 conciliarat
1277 1416 1301 1440 a
1336 1404 1449 1440 nobis

254 1468 460 1505 omnibus:
489 1481 560 1504 nos
587 1469 807 1504 animorum
838 1468 1088 1504 incredibiles
1117 1472 1247 1504 motus
1276 1468 1450 1504 celerita-

254 1536 411 1580 temque
442 1531 687 1579 ingeniorum
722 1531 994 1580 negligemus?
1049 1531 1214 1575 Quoties
1244 1544 1315 1580 ego
1345 1531 1450 1568 hunc

255 1595 440 1631 Archiam
466 1595 558 1641 vidi,
580 1596 880 1643 judices—utar
904 1596 1008 1632 enim
1030 1600 1162 1632 vestra
1190 1596 1446 1645 benignitate,

255 1660 437 1708 quoniam
458 1672 519 1696 me
538 1660 580 1695 in
600 1660 673 1696 hoc
692 1673 794 1696 novo
813 1673 955 1709 genere
975 1660 1128 1696 dicendi
1142 1664 1223 1696 tam
1242 1660 1451 1709 diligenter

254 1724 692 1773 attenditis—quoties
738 1737 810 1772 ego
856 1725 960 1761 hunc
1007 1725 1100 1770 vidi,
1145 1737 1232 1760 cum
1275 1725 1448 1761 litteram

254 1789 472 1838 scripsisset
491 1789 651 1835 nullam,
674 1801 860 1838 magnum
880 1801 1087 1825 numerum
1109 1789 1347 1838 optimorum
1368 1802 1450 1826 ver-

254 1867 368 1891 suum
389 1855 436 1891 cle
455 1855 511 1891 eis
530 1855 625 1903 ipsis
645 1855 771 1899 rebus,
794 1867 892 1903 quae
914 1859 996 1890 tum
1017 1860 1238 1903 agerentur,
1261 1854 1388 1891 dicere
1401 1867 1450 1891 ex

256 1923 428 1968 tempore
444 1918 569 1955 1—18.
602 1918 765 1963 Quoties
785 1922 1009 1954 revocatum
1031 1918 1192 1954 eandem
1214 1930 1295 1955 rem
1324 1919 1450 1956 dicere
