1565 2251
238 54 283 89 16
757 64 915 90 onA'rio.

235 164 337 204 runt,
360 160 426 209 qui
447 160 551 197 hunc
580 161 793 209 ascriptum
815 160 1111 198 Heracliensem
1143 160 1291 198 dicunt.
1349 160 1430 199 Hie

233 232 278 261 tu
293 225 449 262 tabulas
469 226 666 262 desideras
688 226 1004 263 Heracliensium
1018 226 1206 275 publicas,
1221 239 1318 276 quas
1338 226 1429 263 Ital-

234 290 292 326 ico
311 290 413 326 bello
429 291 586 327 incenso
600 291 795 327 tabulario
808 291 988 327 interisse
1004 291 1146 327 scimus
1159 303 1302 328 omnes.
1358 290 1429 326 Est

234 354 442 391 ridiculum
463 355 513 391 ad
533 367 589 400 ea,
607 368 706 404 quae
726 355 926 401 habemus,
949 354 1049 391 nihil
1069 355 1210 400 dicere,
1233 366 1429 403 quaerere,

234 432 333 468 quae
352 419 496 470 habere
533 432 612 456 non
632 433 848 468 possumus,
871 427 909 456 et
941 420 988 456 de
1016 420 1220 456 hominum
1246 417 1432 455 memoria

234 493 373 530 tacere,
395 484 619 520 litterarum
641 485 869 521 memoriam
902 485 1093 533 flagitare,
1115 488 1167 530 et,
1188 497 1274 521 cum
1290 484 1433 520 habeas

234 549 463 598 amplissimi
496 550 570 585 viri
591 549 829 598 religionem,
852 550 1096 598 integerrimi
1126 550 1329 598 municipii
1353 550 1433 598 Jus-

230 614 443 661 jurandum
464 614 667 663 fidemque,
681 627 737 657 oa,
759 627 859 663 quae
872 615 1080 662 depravari
1102 614 1211 650 nullo
1225 614 1338 650 modo
1351 626 1434 663 pos-

235 686 338 724 sunt,
354 679 573 727 repudiare,
595 678 763 724 tabulas,
785 691 882 727 quas
897 678 997 715 idem
1017 678 1114 715 dicis
1129 679 1252 715 solere
1266 691 1434 715 corrum-

235 743 285 793 pi,
300 743 624 780 desiderare—9.
658 744 725 779 An
739 743 978 779 domicilium
994 743 1143 779 Romae
1156 756 1235 780 non
1243 743 1433 788 bahanis,

233 808 300 856 qui
316 812 377 844 tot
396 808 512 844 annis
530 814 623 844 ante
650 808 850 844 civitatem
872 809 1005 844 datam
1027 809 1155 845 sedem
1184 809 1358 845 omnium
1378 821 1434 844 re-

234 885 321 909 rum
341 885 385 908 ac
400 873 648 909 fortunarum
671 886 830 909 suarum
846 873 995 909 Romae
1015 873 1247 909 collocavit?
1277 873 1338 909 At
1353 885 1433 909 non

235 944 295 974 est
314 938 523 986 professus.
598 938 726 974 Immo
746 951 839 974 vero
858 938 914 974 eis
934 938 1081 974 tabulis
1100 938 1310 986 professus,
1334 950 1434 987 quae

238 1003 338 1039 solae
351 1017 399 1039 ex
420 1003 487 1039 illa
500 1002 742 1052 professione
755 1002 994 1051 collegioque
1010 1008 1236 1051 praetorum
1250 1003 1432 1039 obtinent

235 1067 482 1116 publicarum
504 1068 729 1104 tabularum
751 1068 1039 1104 auctoritatem.

291 1132 339 1169 V.
371 1133 477 1169 Nam
507 1146 593 1169 cum
623 1133 749 1181 Appii
778 1132 936 1169 tabulae
967 1132 1232 1182 negligentius
1256 1132 1434 1170 adserva-

239 1211 300 1234 tae
318 1198 555 1243 dicerentur,
577 1197 751 1243 Gabinii,
773 1210 888 1246 quam
911 1197 978 1233 diu
999 1197 1206 1233 incolumis
1228 1197 1320 1241 fuit,
1342 1197 1434 1234 levi-

236 1268 307 1308 tas,
340 1267 429 1312 post
460 1262 752 1298 damnationem
785 1262 988 1298 calamitas
1018 1274 1171 1298 omnem
1204 1261 1429 1298 tabularum

238 1327 348 1364 iidem
384 1327 631 1375 resignasset,
667 1326 866 1372 Metellus,
901 1326 1017 1362 homo
1056 1326 1327 1362 sanctissimus
1357 1339 1430 1362 mo-

235 1392 555 1440 destissimusque
576 1392 763 1437 omnium,
778 1395 893 1427 tanta
912 1391 1119 1439 diligentia
1138 1390 1228 1436 fuit,
1252 1396 1295 1426 ut
1317 1390 1365 1426 ad
1388 1390 1429 1427 L.

238 1459 449 1496 Lentulum
482 1463 700 1507 praetorem
728 1464 768 1494 et
795 1457 844 1494 ad
873 1457 1027 1506 judices
1061 1458 1215 1493 venerit
1245 1462 1286 1494 et
1314 1457 1433 1493 unius

236 1524 405 1560 nominis
420 1523 542 1559 litura
562 1536 602 1559 se
623 1526 859 1559 commotum
877 1534 958 1559 esse
972 1522 1131 1558 dixerit.
1164 1522 1214 1558 In
1228 1522 1290 1558 his
1309 1522 1432 1572 igitur

235 1588 381 1624 tabulis
400 1587 551 1624 nullam
572 1587 733 1623 lituram
754 1587 795 1623 111
816 1587 974 1623 nomine
989 1587 1037 1622 A.
1063 1586 1205 1622 Licinii
1221 1586 1432 1622 videtis.—

238 1654 294 1690 10.
328 1653 438 1698 Quae
466 1665 553 1689 cum
575 1652 631 1688 ita
651 1652 742 1697 sint,
765 1652 858 1701 quid
878 1656 938 1688 est
966 1651 1068 1700 quod
1098 1651 1146 1687 de
1166 1651 1250 1699 ejus
1269 1651 1432 1687 civitate

233 1718 434 1763 dubitetis,
458 1717 687 1766 praesertim
718 1730 804 1753 cum
834 1717 920 1753 aliis
950 1729 1103 1766 quoque
1131 1717 1173 1752 in
1202 1716 1432 1752 civitatibus

233 1783 355 1820 fuerit
368 1783 580 1832 ascriptus?
609 1782 768 1818 Etenim
783 1795 869 1818 cum
888 1782 1148 1818 mediocribus
1163 1781 1297 1817 multis
1310 1786 1350 1817 et
1362 1786 1433 1817 aut

233 1847 341 1885 nulla
353 1851 424 1884 aut
436 1847 576 1884 humili
589 1846 722 1896 aliqua
733 1851 819 1883 arte
831 1847 1021 1896 praeditis
1034 1846 1209 1890 gratuito
1228 1846 1430 1883 civitatem

235 1914 274 1950 in
297 1912 464 1951 Graecia
483 1911 663 1954 homiues
691 1912 985 1965 impertiebant,
1020 1911 1194 1961 Reginos
1221 1910 1336 1949 credo
1363 1916 1433 1950 aut
