1565 2251
622 51 783 79 onum.
1258 42 1304 77 19

105 147 338 198 objecissem.
398 149 474 186 Sed
495 148 599 197 pleni
621 161 755 185 omnes
785 153 878 185 sunt
906 149 1009 194 libri,
1032 148 1170 198 plenae
1199 148 1296 197 sapi-

105 214 256 249 entium
279 226 399 258 voees,
422 213 539 262 plena
559 212 826 262 exemplorum
847 217 1026 249 vetustas
1044 226 1054 258 3
1081 225 1181 262 quae
1196 213 1296 261 jaee-

104 282 191 314 rent
210 277 252 314 in
272 278 446 314 tenebris
465 277 608 322 omnia,
630 277 707 314 nisi
735 277 958 314 litterarum
979 277 1111 314 lumen
1145 277 1297 314 aecede-

101 346 169 378 ret.
229 342 355 386 Quam
377 341 522 378 multas
540 341 653 378 nobis
681 342 870 390 imagines
900 355 980 378 non
1008 341 1133 378 solum
1162 341 1212 378 ad
1241 341 1298 377 in-

103 405 304 451 tuendum,
328 419 463 443 verum
496 406 615 442 etiam
644 406 694 442 ad
722 406 958 442 imitandum
989 405 1292 442 fortissimorum

105 471 278 506 virorum
316 483 519 519 expressas
565 470 775 519 scriptores
816 475 857 506 et
896 470 1035 507 Graeci
1074 474 1116 507 et
1159 469 1294 506 Latini

103 535 365 584 reliquerunt!
424 535 530 579 Quas
550 547 620 584 ego
641 535 736 571 mihi
758 547 910 583 semper
923 534 964 570 in
979 534 1296 571 administranda

101 606 141 636 re
188 599 344 648 publica
390 612 614 648 proponens
659 599 835 636 animum
874 603 915 636 et
952 603 1123 636 mentem
1172 612 1298 635 meam

101 664 186 712 ipsa
233 664 469 712 cogitatione
516 664 718 700 hominum
757 663 1035 700 excellentium
1082 663 1299 700 conforma-

104 729 203 764 bam.

155 792 374 829 VIL—15.
408 793 581 838 Quaeret
593 793 808 842 quispiam:
838 794 954 843 quid?
981 793 1051 830 Illi
1066 793 1142 842 ipsi
1156 794 1299 830 summi

100 857 186 904 viri,
209 870 373 907 quorum
396 859 564 894 virtutes
585 858 729 894 litteris
749 857 927 907 proditae
944 863 1049 904 sunt,
1067 859 1194 895 istane
1210 858 1295 895 doc-

99 922 215 968 trina,
236 935 352 971 quam
373 928 417 958 tu
438 922 551 959 effers
571 922 765 963 laudibus.
788 923 933 959 eruditi
953 923 1146 959 fuerunt?
1193 923 1301 958 Diffi-

99 986 171 1023 cile
205 992 264 1023 est
293 987 366 1023 hoe
400 987 446 1023 de
478 987 660 1023 omnibus
690 988 932 1033 confirmare,
966 987 1033 1024 sed
1067 992 1200 1024 tamen
1243 994 1302 1024 est

103 1055 207 1087 certe
243 1051 348 1100 quod
385 1052 652 1100 respondeam.
715 1051 797 1100 Ego
838 1052 982 1088 multos
1020 1052 1198 1089 homines
1239 1065 1301 1088 ex-

101 1116 259 1152 cellenti
304 1117 437 1153 animo
475 1129 519 1152 ao
558 1117 707 1153 virssute
747 1117 868 1153 fuisse
909 1121 948 1153 et
986 1117 1071 1153 sine
1118 1117 1298 1154 doctrina

100 1185 266 1217 naturae
294 1181 419 1229 ipsius
452 1180 592 1217 habitu
626 1194 747 1230 prope
778 1181 914 1218 divino
948 1194 1018 1230 per
1048 1194 1088 1218 se
1121 1182 1226 1231 ipsos
1260 1187 1300 1218 et

99 1242 319 1280 moderatos
363 1248 403 1279 et
435 1256 574 1292 graves
606 1245 806 1281 exstitisse
840 1245 967 1281 fateor
985 1258 995 1290 3
1036 1244 1154 1280 etiam
1201 1245 1299 1281 illud

99 1307 282 1356 adjungo,
305 1308 460 1357 saepius
488 1308 538 1345 ad
567 1308 724 1346 laudem
753 1314 872 1359 atque
894 1310 1082 1347 virtutem
1114 1314 1297 1346 naturam

100 1372 184 1408 sine
213 1372 391 1408 doctrina
421 1386 538 1422 quam
568 1373 651 1410 sine
679 1379 824 1410 natura
855 1375 1022 1412 valuisse
1066 1375 1295 1411 doctrinam.

105 1438 240 1487 Atque
260 1437 363 1474 idem
384 1450 455 1486 ego
474 1438 680 1484 contendo,
702 1451 790 1475 cum
820 1439 869 1475 ad
899 1444 1082 1475 naturam
1113 1440 1297 1476 eximiam

103 1506 223 1551 atque
260 1502 456 1538 illustrem
485 1503 692 1539 accesserit
721 1503 823 1540 ratio
861 1505 1053 1553 quaedam
1083 1504 1298 1540 conforma-

101 1567 236 1616 tioque
256 1567 469 1613 doctrinae,
491 1571 576 1603 tum
598 1567 695 1604 illud
716 1568 846 1605 nescio
866 1569 960 1618 quid
991 1569 1233 1618 praeclarum
1254 1581 1299 1605 ac

103 1631 302 1681 singulare
332 1632 453 1669 solere
493 1632 689 1669 exsistere.
767 1633 947 1669 16.—Ex
981 1633 1052 1670 hoc
1083 1645 1163 1670 esse
1193 1632 1299 1669 hunc

102 1709 277 1742 numero,
300 1710 415 1746 quem
445 1701 579 1746 patres
606 1697 732 1734 nostri
762 1697 960 1744 viderunt,
983 1698 1162 1734 divinum
1193 1698 1299 1735 hom-

101 1762 205 1798 inem
245 1761 494 1807 Africanum,
533 1775 582 1799 ex
620 1762 692 1799 hoo
730 1762 770 1799 C.
809 1762 1000 1808 Laelium,
1040 1762 1084 1799 L.
1118 1763 1293 1808 Furium,

102 1826 435 1864 moderatissimos
463 1827 641 1864 homines
670 1832 710 1864 et
738 1827 1110 1872 continentissimos‚
1145 1841 1194 1864 ex
1225 1828 1297 1865 hoe

102 1891 362 1928 fortissimum
401 1891 531 1928 virum
560 1896 601 1928 et
628 1891 707 1928 illis
737 1891 980 1942 temporibus
1013 1891 1295 1940 doctissimum,
