1565 2251
603 56 763 82 osmxo.
1235 42 1276 80 21

82 152 331 189 commutatis
354 153 482 189 verbis
502 156 621 201 atque
642 152 852 189 sententiis
869 154 876 188 1
935 152 1045 196 Quae
1067 164 1158 187 vero
1173 164 1280 187 accu-

82 221 165 252 rate
185 217 432 266 cogitateque
455 217 686 265 scripsisset,
707 229 754 253 ea
782 216 836 252 sic
858 217 940 252 vidi
961 216 1132 264 probari,
1157 220 1201 251 ut
1230 215 1279 251 ad

81 285 256 317 veterum
295 281 530 329 scriptorum
566 281 722 317 laudem
751 281 985 329 perveniret.
1061 280 1182 316 Hunc
1212 293 1282 328 ego

82 356 158 380 non
178 344 352 393 diligam,
379 357 458 382 non
492 345 674 391 admirer,
697 358 775 381 non
806 345 912 382 omni
945 346 1097 381 ratione
1129 344 1283 381 defend·

79 408 222 445 endum
252 409 417 458 putem?
474 409 610 458 Atque
630 410 685 447 sic
704 423 724 447 a
748 411 910 446 summis
942 410 1167 445 hmninibus
1202 422 1286 446 eru-

80 473 361 523 ditissimisque
391 474 622 523 accepimuS‚
653 480 872 512 ceterarum
905 486 1036 510 ret-um
1075 474 1207 510 studia
1246 480 1286 510 et

78 537 258 575 doctrina
277 543 318 575 et
336 539 557 588 praeceptis
588 544 628 575 et
658 544 744 575 arte
775 548 979 584 constare3
1010 544 1162 587 poetam
1199 545 1280 574 nat-

82 615 153 638 ura
172 603 258 652 ipsa
287 603 417 640 valere
446 608 486 640 et
516 604 660 640 mentis
698 602 850 640 viribus
888 603 1053 640 excitari
1093 608 1133 640 et
1173 604 1282 653 quasi

78 666 215 704 divino
235 667 404 717 quodam
425 668 570 716 spiritu
590 667 732 707 inflari,
790 668 922 712 Quare
943 680 1013 704 suo
1038 668 1129 716 jure
1151 672 1283 704 noster

78 731 145 768 ille
175 731 330 769 Ennius
358 736 514 769 sanctos
542 732 717 781 appellat
744 738 891 781 poetas,
914 733 1018 781 quod
1049 732 1161 781 quasi
1195 732 1281 769 deo-

79 808 166 831 rum
188 795 322 845 aliquo
341 795 445 833 dono
464 803 584 845 atque
604 808 769 832 munere
790 796 1053 832 commendati
1074 797 1189 832 nobis
1203 809 1285 833 esse

84 860 428 897 videantur.—l9.
461 861 523 897 Sit
543 861 676 910 igitur,
695 861 860 908 judices,
885 866 1065 897 sanctum
1082 861 1184 909 apud
1202 874 1282 907 vos,

81 924 386 962 humanissimos
407 925 596 971 homines,
614 925 687 962 hoc
707 930 844 974 poetae
867 938 1021 971 nomen,
1043 926 1146 974 quod
1175 925 1285 962 nulla

84 1002 269 1039 umquam
302 990 486 1026 barbaria
515 990 692 1027 violavit.
754 991 858 1027 Saxa
885 996 925 1026 et
945 990 1179 1027 solitudines
1200 991 1283 1027 voci

80 1054 331 1103 respondent,
367 1054 517 1091 bestiae
549 1067 663 1104 saepe
698 1055 889 1092 immanes
920 1059 1038 1091 cantu
1071 1055 1284 1092 flectuntur

80 1123 200 1168 atque
237 1119 486 1157 consistunt:
526 1119 813 1156 nos-instituti
852 1120 969 1157 rebus
1006 1120 1167 1169 optimis
1205 1133 1283 1157 non

79 1187 282 1232 poetarum
326 1197 419 1221 voce
457 1185 712 1221 moveamur?
781 1184 1002 1221 Homerum
1047 1185 1282 1233 Colophonii

80 1247 206 1284 civem
227 1260 310 1285 esse
338 1248 476 1285 dicunt
504 1261 633 1291 suum,
665 1248 755 1285 Chii
785 1262 901 1286 suum
932 1249 1147 1295 vindicant,
1179 1250 1283 1286 Sala-

83 1312 193 1349 minii
213 1317 412 1361 repetunt,
435 1313 641 1362 Smyrnaei
664 1326 755 1350 vero
790 1327 901 1350 suum
925 1327 1007 1350 esse
1035 1315 1281 1361 confirmant,

79 1378 213 1427 itaque
238 1378 356 1414 etiam
383 1378 592 1414 delubrum
614 1379 699 1427 ejus
727 1378 770 1416 in
798 1379 941 1427 oppido
970 1379 1284 1425 dedicaverunt,

79 1442 268 1491 permulti
300 1442 369 1479 alii
402 1447 608 1492 praeterea
635 1448 818 1492 pugnant
846 1444 952 1480 inter
980 1457 1020 1480 so
1048 1449 1168 1493 atque
1198 1457 1282 1481 con-

81 1506 262 1543 tendunt.

135 1569 373 1621 IX.——-Ergo
392 1571 451 1608 illi
471 1571 660 1617 alienum,
684 1571 777 1621 quia
796 1576 913 1621 poeta
946 1572 1037 1616 fuit,
1068 1578 1158 1622 post
1187 1586 1284 1609 mor-

84 1640 160 1672 tem
181 1635 301 1672 etiam
322 1640 544 1685 expetunt:
573 1649 645 1672 nos
664 1636 769 1672 hunc
805 1636 941 1673 vivum
977 1637 1045 1686 qui
1075 1641 1116 1673 et
1149 1637 1284 1674 volun-

82 1703 164 1737 tate
183 1704 222 1736 et
242 1699 394 1749 legibus
415 1704 549 1736 noster
578 1705 648 1745 est,
670 1700 988 1750 repudiabimus'l
1043 1701 1282 1738 Praesertim

82 1777 170 1801 cum
203 1777 317 1801 omno
349 1764 442 1801 olim
475 1764 651 1801 studium
672 1769 793 1815 atque
813 1778 928 1802 omne
961 1766 1163 1815 ingenium
1198 1779 1284 1803 con-

83 1829 223 1866 tulerit
243 1829 412 1866 Archias
433 1829 483 1866 ad
505 1829 643 1879 populi
663 1829 835 1866 Romani
863 1830 1027 1879 gloriam
1049 1830 1284 1881 laudemque

85 1893 384 1931 celebrandam?
439 1893 544 1931 Nam
566 1898 606 1931 et
629 1893 845 1932 Cimbricas
878 1907 940 1932 res
971 1895 1198 1933 adolescens
1227 1901 1284 1935 at-
