1565 2251
594 55 754 83 onA'rm.
1234 43 1279 80 17

89 153 297 192 Locrenses
310 159 379 192 aut
392 153 678 203 Neapolitanos
694 157 764 189 aut
776 153 1022 197 Tarentinos,
1040 151 1143 201 quod
1164 150 1279 187 sceni-

84 221 139 256 cis
155 220 372 257 artificibus
392 219 525 268 largiri
555 218 733 254 solebant
761 218 801 253 id
830 217 921 253 huic
951 229 1102 253 summa
1132 215 1279 264 ingenii

84 285 261 334 praedito
298 285 422 334 gloria
456 283 655 320 noluisse?
716 282 850 327 Quid?
910 282 1009 318 Cum
1048 281 1167 318 ceteri
1201 293 1277 316 non

86 349 196 386 modo
234 354 322 398 post
360 349 558 384 civitatem
594 347 739 393 datam,
774 346 840 383 sed
878 346 996 383 etiam
1035 350 1124 395 post
1155 345 1277 393 legem

85 413 245 462 Papiam
277 414 409 462 aliquo
438 412 552 448 modo
580 411 622 448 in
651 424 784 448 eorum
806 410 1107 460 municipiorum
1127 409 1280 446 bibulas

85 477 337 526 irrepserunt,
361 476 434 518 hic,
457 476 525 525 qui
554 488 603 513 ne
632 476 762 512 utitur
791 475 948 524 quidem
969 475 1059 520 illis,
1077 475 1119 510 in
1140 474 1281 523 quibus

83 546 144 579 est
163 542 342 591 scriptuS,
365 542 468 590 quod
489 554 642 590 semper
662 553 702 576 se
724 540 1017 576 Heracliensem
1040 552 1121 575 esse
1143 539 1280 583 voluit,

84 606 424 655 rejicietur‘l—ll.
458 606 608 642 Census
637 610 791 642 nostros
825 604 992 654 requiris
1021 604 1193 640 scilicet:
1224 609 1283 639 est

83 672 188 708 enim
208 672 415 708 obscurum
446 670 636 720 proximis
667 670 894 707 censoribus
923 670 1026 706 hunc
1046 682 1133 705 cum
1155 668 1282 705 claris-

81 737 181 782 simo
209 737 445 785 imperatore
484 735 525 772 L.
570 735 737 772 Lucullo
770 735 876 783 apud
897 734 1115 771 exercitum
1149 734 1281 779 fuisse,

83 802 350 850 superioribus
384 814 471 837 cum
506 801 641 837 eodem
679 804 887 849 quaestore
929 799 1052 835 fuisse
1091 799 1131 834 in
1171 799 1281 843 Asia,

83 867 220 917 primis
239 867 266 904 ‚J
271 866 351 903 ulio
370 870 410 902 et
431 865 570 902 Crasso
585 865 735 902 nullam
765 864 900 914 popuii
917 869 1067 913 partem
1099 876 1180 900 esse
1201 876 1285 899 cen-

81 945 173 969 sam.
233 931 308 968 Sed
329 931 512 981 quoniam
535 943 673 967 census
701 943 779 967 non
795 931 862 977 jus
882 930 1058 966 civitatis
1079 929 1285 966 confirmat

83 1010 127 1034 ac
145 997 422 1033 tantummodo
440 996 591 1032 indicat
612 1009 714 1042 eum,
739 996 806 1045 qui
828 995 880 1031 sit
901 1007 1049 1040 census,
1072 994 1128 1030 ita
1148 1006 1187 1030 se
1202 994 1283 1042 jam

85 1067 167 1099 tum
189 1062 351 1110 gessisse
371 1075 442 1111 pro
462 1062 556 1107 cive,
579 1061 636 1097 eis
658 1061 912 1110 temporibus
932 1060 1074 1110 quibus
1095 1063 1139 1095 tu
1161 1059 1285 1095 crimi-

84 1127 192 1164 naris
210 1140 260 1164 ne
280 1127 404 1176 ipsius
433 1127 590 1176 quidem
606 1126 757 1175 judicio
777 1126 821 1162 in
850 1126 995 1162 civium
1016 1125 1284 1162 Romanorum

79 1194 168 1242 jure
188 1205 270 1229 esse
285 1197 497 1238 versatum,
520 1196 560 1228 et
576 1196 860 1228 testamentum
891 1204 1005 1240 saepe
1026 1191 1121 1227 fecit
1140 1190 1288 1227 nostris

84 1258 233 1307 legibus
252 1261 293 1294 et
311 1257 412 1294 adiit
431 1257 672 1294 hereditates
700 1257 847 1293 civium
880 1256 1150 1292 Romanorum
1177 1260 1216 1292 et
1245 1255 1287 1291 in

86 1322 283 1359 beneficiis
302 1322 353 1358 ad
383 1322 580 1358 aerarium
615 1321 772 1357 delatus
803 1324 863 1357 est
896 1333 920 1356 a
954 1319 996 1356 L.
1022 1319 1188 1355 Lucullo
1217 1331 1288 1368 pro

83 1387 250 1425 consule.
311 1387 464 1431 Quaere
484 1390 726 1434 argumenta,
755 1385 788 1422 si
808 1398 885 1434 qua
905 1390 1016 1434 potes
1034 1398 1040 1421 :
1070 1397 1284 1433 numquam

82 1452 186 1489 enim
206 1452 269 1488 hic
285 1464 411 1500 neque
423 1463 494 1487 suo
515 1463 639 1499 neque
655 1450 869 1486 amicorum
878 1449 1029 1497 judicio
1047 1449 1283 1485 revincetur.

140 1517 336 1554 VI.—1·2.
370 1516 544 1561 Quaeres
573 1532 594 1552 a.
624 1515 750 1561 nobis,
777 1514 903 1560 Grati,
936 1528 1005 1550 cur
1033 1518 1146 1550 tanto
1175 1527 1289 1562 opere

85 1582 158 1619 hoc
190 1581 348 1618 homine
377 1581 624 1617 delectemur.
686 1580 789 1624 Quia
820 1579 1051 1628 suppeditat
1079 1579 1193 1615 nobis
1221 1578 1290 1614 ubi

86 1651 126 1684 et
145 1647 300 1683 animus
320 1659 369 1683 ex
398 1646 471 1682 hoc
499 1646 646 1682 forensi
676 1645 847 1694 strepitu
878 1645 1079 1681 reficiatur
1108 1648 1148 1680 et
1176 1656 1291 1679 aures

86 1712 260 1749 convicio
281 1711 455 1748 defessae
485 1710 772 1759 conquiescant.
833 1710 901 1746 An
922 1714 966 1746 tu
997 1708 1201 1746 existimas
1220 1712 1291 1744 aut

86 1782 296 1828 suppetere
315 1778 428 1814 nobis
447 1790 559 1827 posse
580 1776 682 1826 quod
713 1775 890 1825 quotidie
917 1775 1093 1811 dicamus
1112 1774 1155 1810 in
1179 1776 1292 1810 tanta

87 1844 281 1881 varietate
301 1856 445 1888 rerum,
464 1842 540 1879 nisi
570 1842 721 1878 animos
750 1845 906 1878 nostros
935 1839 1116 1877 doctrina
1143 1836 1292 1875 excola-

90 1922 188 1959 mus,
221 1912 293 1945 aut
321 1907 424 1945 ferre
469 1907 623 1944 animos
652 1911 806 1943 tantam
840 1918 953 1955 posse
986 1903 1290 1948 contentionem,

197 1996 222 2024 B
