1565 2251
578 65 736 92 οκΑΤΙο.
1213 54 1261 90 25

59 175 149 202 mur
175 176 309 201 omnes
337 163 469 200 studio
497 162 627 199 laudis
655 166 695 199 et
732 162 905 211 optimus
944 161 1108 211 quisque
1142 160 1263 196 maxi-

60 240 122 264 me
150 228 275 277 gloria
303 228 472 264 ducitur.
531 227 616 276 Ipsi
646 226 705 263 illi
733 226 958 275 philosophi
987 226 1107 262 etiam
1138 226 1179 262 in
1206 225 1263 262 eis

59 292 213 340 libellis,
243 306 341 343 quos
369 293 416 330 de
445 292 732 330 contemnenda
751 292 876 340 gloria
907 291 1100 335 scribunt,
1121 303 1264 328 nomen

58 370 172 394 suum
206 358 430 395 inscribunt
439 371 450 404 3
479 358 520 393 in
554 369 599 394 eo
628 357 726 406 ipso,
754 357 795 393 in
830 369 907 406 quo
932 355 1263 406 praedicationem

59 421 386 471 nobilitatemque
414 421 650 470 despiciunt,
678 421 897 470 praedicari
927 421 974 457 de
1003 433 1043 457 se
1071 433 1116 457 ac
1145 420 1265 457 nomi-

59 486 147 522 nari
176 486 448 524 volunt—27.
483 486 669 522 Decimus
698 486 854 535 quidem
895 485 1060 529 Brutus,
1091 497 1266 521 summus

59 549 122 587 vir
133 554 174 588 et
185 550 413 600 imperator,
430 551 554 595 Accii,
570 551 795 588 amicissimi
813 551 888 594 sui,
911 550 1152 587 carminibus
1172 554 1266 586 tem-

59 614 213 664 plorum
242 628 288 653 ac
316 621 661 653 monumentorum
691 615 824 652 aditus
852 615 1063 654 exornavit
1091 628 1262 652 suorum.

58 680 152 718 Jam
182 693 274 718 vero
302 681 380 728 ille,
412 681 480 731 qui
509 694 596 718 cum
626 681 784 718 Aetolis
821 680 952 718 Ennio
981 681 1123 718 comite
1151 680 1266 717 bella-

64 745 133 791 vit,
166 745 341 792 Fulvius,
373 759 452 783 non
482 746 684 782 dubitavit
715 745 861 784 Martis
899 746 1107 783 manubias
1138 745 1267 782 Musis

61 823 295 848 consecrare.
354 810 487 856 Quare
525 811 566 847 in
605 823 681 860 qua
713 812 810 847 urbe
848 810 1106 860 imperatores
1144 823 1266 860 prope

60 876 203 912 armati
232 880 436 925 poetarum
469 889 611 913 nomen
640 880 680 913 et
709 876 916 913 Musarum
946 876 1111 913 delubra
1144 876 1267 913 colue-

62 945 167 988 runt,
202 941 246 978 in
279 954 326 978 ea
354 954 433 978 non
465 941 621 987 debent,
658 942 784 990 togati
811 942 965 990 judices
998 954 1021 978 a
1060 940 1267 978 Musarum

61 1005 207 1043 honore
227 1010 268 1043 et
286 1019 309 1043 a
329 1011 534 1056 poetarum
555 1006 681 1043 salute
696 1006 918 1043 abhorrere.

117 1070 177 1107 28.
210 1071 346 1120 Atque
367 1076 412 1108 ut
430 1071 471 1108 id
493 1071 683 1108 libentius
703 1070 871 1117 faciatis,
888 1071 972 1120 jam
993 1083 1055 1108 me
1075 1071 1198 1117 vobis,
1209 1071 1269 1119 ju—

62 1136 177 1182 dices,
216 1136 399 1173 indicabo
437 1141 478 1173 et
524 1137 571 1173 de
610 1148 696 1173 meo
733 1136 903 1185 quodam
937 1149 1070 1173 amore
1108 1135 1267 1185 gloriae,

62 1200 179 1237 nimis
206 1200 287 1237 acri
318 1201 494 1246 fortasse,
530 1213 665 1237 verum
687 1206 822 1237 tamen
844 1200 1021 1246 honesto,
1053 1200 1165 1238 vobis
1184 1213 1269 1237 con-

65 1265 214 1302 fitebor.
275 1265 379 1302 Nam
410 1278 508 1314 quas
537 1278 598 1302 res
635 1278 707 1302 nos
735 1266 776 1301 in
806 1267 1013 1302 consulatu
1042 1270 1179 1303 nostro
1207 1278 1269 1302 vo-

65 1329 216 1366 biscum
246 1330 363 1367 simul
392 1343 463 1379 pro
492 1330 620 1367 salute
650 1330 813 1379 hujusce
842 1330 997 1380 imperii
1027 1336 1068 1368 et
1096 1342 1168 1379 pro
1188 1330 1270 1367 vita

63 1393 208 1430 civium
238 1407 385 1443 proque
414 1394 600 1431 universa
627 1407 669 1431 re
707 1395 866 1444 publica
904 1395 1106 1444 gessimus,
1137 1395 1270 1444 attigit

63 1458 126 1495 hic
164 1459 342 1496 versibus
379 1463 498 1508 atque
536 1459 757 1496 inchoavit:
785 1460 929 1509 quibus
967 1459 1127 1505 auditis,
1168 1460 1269 1509 quod

63 1523 161 1560 mihi
189 1537 331 1574 magna
358 1537 420 1561 res
443 1529 484 1561 et
508 1523 686 1572 jucunda
706 1526 789 1561 visa
812 1530 882 1571 est,
914 1525 1018 1562 hunc
1046 1525 1097 1562 ad.
1125 1524 1271 1574 perfici-

64 1588 209 1625 endum
242 1588 443 1625 adornavi.
504 1588 666 1625 Nullam
707 1588 813 1625 enim
852 1588 981 1626 virtus
1018 1589 1136 1626 aliam
1177 1601 1271 1625 mer-

63 1653 193 1690 cedem
247 1653 426 1690 laborum
479 1653 822 1704 periculorumque
869 1653 1068 1691 desiderat
1115 1658 1272 1704 praeter

64 1718 165 1755 hanc
184 1718 313 1756 laudis
333 1723 373 1755 et
401 1719 565 1768 gloriae:
594 1732 671 1769 qua
700 1719 857 1768 quidem
888 1719 1079 1764 detracta,
1105 1719 1269 1768 judices,

65 1783 160 1832 quid
194 1788 255 1820 est
287 1783 391 1833 quod
421 1784 463 1820 in
492 1784 564 1821 hoc
594 1788 675 1820 tam
708 1784 852 1833 exiguo
882 1784 988 1821 vitae
1018 1784 1213 1821 curriculo
1232 1788 1273 1821 et

67 1854 146 1885 tam
187 1848 297 1886 brevi
340 1849 465 1886 tantis
506 1861 577 1886 nos
619 1849 662 1885 in
703 1849 904 1887 laboribus
943 1862 1195 1887 exerceamus
1207 1849 1272 1886 2—

69 1913 129 1950 29.
162 1912 278 1950 Certe
325 1913 358 1950 si
405 1913 503 1949 nihil
550 1913 706 1950 animus
752 1913 1014 1962 praesentiret
1059 1913 1101 1950 in
1149 1917 1272 1964 poste-
