1565 2251
618 49 777 77 omn-10.
1258 40 1307 79 15

105 146 337 188 'audiebatur
364 160 387 184 a
417 146 472 184 M.
504 146 688 192 Aemilio,
722 147 883 184 vivebat
913 160 1000 184 cum
1024 146 1069 193 Q.
1093 146 1236 185 Catulo
1266 152 1308 186 et

106 217 215 260 patre
234 218 275 249 et
302 212 394 258 filio,
416 224 440 248 a
469 211 510 248 L.
544 211 685 249 Crasso
704 211 918 258 colebatur,
943 211 1130 249 Lucullos
1151 225 1245 249 vero
1265 218 1308 249 et

108 275 278 315 Drusum
293 280 332 312 et
349 275 534 313 Octavios
550 279 590 312 et
599 275 792 313 Catonem
806 279 846 312 et
860 280 986 312 totam
1003 276 1310 314 Hortensiorum

104 340 259 377 domum
280 340 504 377 devinctam
519 340 805 377 consuetudine
826 353 915 377 cum
929 345 1094 387 teneret,
1116 341 1308 378 afficieba-

106 410 172 442 tur
189 418 341 442 summo
361 405 518 451 honore,
537 405 640 454 quod
661 419 750 442 eum
772 419 851 443 non
882 406 1008 443 solum
1038 407 1221 444 colebant
1241 408 1308 457 qui

103 469 251 519 aliquid
271 470 470 519 percipere
484 475 604 520 atquc⁴
623 470 762 507 audire
783 470 1011 515 studebant,
1029 484 1167 508 verum
1189 472 1306 508 etiam

104 535 136 572 si
157 535 224 585 qui
244 535 348 572 forte
371 535 625 574 simulabant.

158 605 462 642 IV.—Interim
485 606 580 642 satis
602 606 717 655 longo
736 606 961 653 intervallo,
983 621 1070 644 cum
1098 612 1201 644 esset
1221 621 1309 644 cum

107 669 162 707 M.
184 669 351 707 Lucullo
371 671 414 707 in
434 669 609 707 Siciliam
639 671 841 720 profectus
869 680 909 708 et
940 684 1027 708 cum
1061 684 1111 708 ex
1144 685 1190 709 ea
1220 685 1305 721 pro-

107 733 235 771 vincia
254 747 342 771 cum
363 734 497 771 eodem
512 734 679 772 Lucullo
694 735 910 782 decederet,
926 736 1040 772 venit
1056 736 1285 773 Heracliam
1305 750 1311 773 ¹.

104 811 202 849 quae
235 812 324 836 cum
358 804 461 836 esset
490 800 633 837 civitas
670 801 907 850 aequissimo
935 801 1026 850 jure
1063 814 1108 838 ac
1143 801 1312 850 foedere&

103 864 244 901 ascribi
264 877 304 901 se
323 864 365 901 in
385 877 470 902 eam
491 865 694 902 civitatem
712 865 849 910 voluit,
872 865 1001 914 idque,
1024 878 1112 902 cum
1132 866 1215 915 ipse
1235 878 1304 915 per

103 941 143 966 se
162 929 305 978 dignus
324 934 543 978 putaretur,
566 934 651 966 tum
672 930 909 967 auctoritate
930 934 969 966 et
988 931 1117 979 gratia
1146 930 1302 967 Luculli

103 994 152 1030 ab
190 982 516 1031 Heracliensibus
553 994 889 1043 impetravit—7.
924 995 1033 1032 Data
1071 999 1131 1032 est
1169 995 1311 1032 civitas

104 1058 258 1095 Silvani
278 1059 363 1108 lege
383 1062 423 1096 et
449 1059 652 1105 Carbonis,
677 1059 708 1095 si
739 1059 805 1108 qui
836 1059 1050 1096 foederatis
1079 1059 1311 1096 civitatibus

103 1123 264 1172 ascripti
284 1123 478 1160 fuissent:
509 1124 541 1160 si
563 1128 660 1170 tum,
683 1137 771 1160 cum
793 1124 857 1160 lex
878 1123 1092 1168 ferebatur,
1116 1124 1157 1160 in
1187 1125 1311 1161 Italia

103 1188 343 1225 domicilium
381 1179 618 1225 habuissent·
645 1194 686 1225 et
723 1189 756 1225 si
795 1188 1001 1238 sexaginta
1036 1189 1175 1226 diebus
1206 1190 1311 1239 apud

104 1258 326 1304 praetorem
357 1258 489 1290 essent
517 1253 693 1303 professi.
755 1253 852 1290 Cum
885 1253 949 1290 hic
968 1254 1213 1291 domicilium
1235 1255 1311 1291 Ro-

105 1331 191 1355 mae
221 1318 369 1355 multos
398 1319 481 1367 jam
515 1331 639 1355 annos
672 1319 847 1364 haberet,
882 1318 1083 1368 professus
1114 1323 1175 1356 est
1205 1320 1312 1369 apud

103 1387 326 1433 praetorem
347 1383 391 1428 Q.
417 1383 626 1420 Metellum
644 1383 996 1420 familiarissimum
1012 1385 1234 1420 suum—S.
1269 1385 1311 1421 Si

103 1448 203 1485 nihil
223 1448 332 1485 aliud
352 1448 429 1484 nisi
450 1448 497 1484 de
526 1448 689 1485 civitate
718 1461 762 1485 ac
791 1448 874 1497 lege
904 1449 1080 1495 dicimus,
1103 1449 1203 1485 nihil
1227 1449 1313 1486 dico

103 1513 283 1562 amplius,
306 1525 423 1549 causa
443 1513 549 1549 dicta
569 1517 638 1549 est.
699 1512 805 1558 Quid
826 1513 931 1549 enim
946 1513 1087 1550 horum
1104 1513 1310 1560 infirmari,

104 1578 232 1622 Grati,
254 1577 414 1627 potest?
470 1577 733 1614 Heracliaene
753 1590 835 1616 esse
855 1583 942 1615 tum
962 1579 1178 1628 ascriptum
1200 1592 1313 1628 nega-

104 1643 188 1680 bis?
243 1641 373 1679 Adest
395 1642 457 1678 vir
479 1655 632 1679 summa
652 1643 891 1680 auctoritate
907 1648 947 1680 et
967 1644 1156 1693 religione
1177 1648 1217 1681 et
1236 1644 1314 1681 fide

105 1706 157 1744 M.
181 1706 383 1753 Lucullus,
406 1707 475 1756 qui
491 1719 531 1744 se
551 1720 630 1744 non
646 1707 812 1756 opinari,
835 1708 902 1745 sed
919 1708 1028 1754 scire,
1047 1721 1126 1745 non
1142 1709 1310 1754 audisse,

104 1771 173 1808 sed
209 1772 364 1818 vidisse,
395 1784 475 1808 nou
505 1771 744 1818 interfuisse,
767 1772 835 1809 sed
864 1772 986 1822 egisse
1007 1772 1105 1809 dicit
1120 1785 1132 1820 ;
1168 1773 1314 1810 adsunt

106 1836 385 1874 Heraclienses
400 1836 534 1886 legati,
556 1837 794 1874 nobilissimi
814 1837 994 1875 homines
1024 1838 1144 1888 hujus
1171 1839 1314 1888 judicii

105 1914 223 1940 causa
253 1914 341 1941 cum
362 1901 561 1941 mandatis
581 1906 622 1940 et
650 1915 738 1940 cum
760 1902 918 1954 publico
946 1903 1175 1941 testimonio
1203 1916 1313 1944 vene-
