1565 2251
626 64 786 92 ORAT10.
1262 55 1309 91 27

104 164 191 200 tum
220 161 341 200 etiam
370 166 580 208 vetustate,
611 162 768 212 ingenio
797 166 928 199 autem
959 165 1084 208 tanto,
1115 165 1309 211 quantum

103 226 145 263 id
182 227 368 264 convenit
404 227 634 274 existimari,
674 228 777 277 quod
824 239 1065 264 summorum
1107 226 1309 263 hominum

103 291 274 340 ingeniis
317 292 536 341 expetitum
575 304 657 328 esse
701 292 879 337 videatis,
926 304 1043 327 causa
1088 303 1180 327 vero
1225 291 1309 338 ejus

105 356 221 403 modi,
274 369 374 406 quae
421 357 608 393 beneficio
650 356 757 405 legis,
806 356 1045 393 auctoritate
1090 355 1307 404 municipii,

105 421 331 458 testimonio
383 420 551 468 Luculli,
607 421 753 458 tabuiis
809 421 965 458 Metelli
1017 421 1308 470 comprobetur.

105 487 215 531 Quae
243 499 331 523 cum
360 486 418 523 ita
446 487 539 532 sint,
570 487 741 535 petimus
770 500 794 523 a
822 487 946 530 vobis,
972 486 1138 534 judices,
1170 486 1202 522 si
1233 499 1310 534 qua

106 563 186 587 non
222 551 338 588 modo
375 551 558 596 humana,
600 564 736 588 verum
775 551 895 588 etiam
933 551 1069 587 divina
1106 551 1148 587 in
1186 550 1311 586 tantis

106 615 276 665 ingeniis
311 616 598 653 commendatio
635 616 753 653 debet
785 629 880 660 esse,
914 620 959 652 ut
993 629 1093 661 eum,
1135 616 1201 665 qui
1230 628 1311 660 VOS,

107 681 176 730 qui
203 685 355 717 vestros
382 680 651 730 imperatores,
679 681 747 731 qui
773 681 910 730 populi
939 680 1110 717 Romani
1140 693 1202 716 res
1233 693 1313 728 ges-

71 732 81 744 ⁴
107 749 170 781 tas
197 757 350 794 semper
378 745 545 790 ornavit,
577 746 643 794 qui
673 745 792 782 etiam
826 745 887 781 his
916 745 1140 781 recentibus
1169 746 1314 781 nostris

108 809 326 858 vestrisque
360 809 583 846 domesticis
616 810 800 859 periculis
835 814 1039 846 aeternum
1071 823 1110 846 sc
1142 810 1313 846 testimo-

106 873 218 910 nium
254 874 386 911 laudis
422 874 608 911 daturum
646 888 727 911 esse
765 875 975 924 profitetur
1013 879 1147 924 estque
1181 888 1231 911 ex
1269 888 1313 910 eo

108 950 286 985 numero,
316 939 384 988 qui
412 951 566 988 semper
593 939 699 988 apud
728 952 861 976 omnes
890 940 1016 976 sancti
1055 945 1149 976 sunt
1188 940 1314 976 habiti

112 1004 248 1052 itaque
276 1002 383 1051 dieti,
417 1003 472 1040 sic
502 1004 544 1039 in
572 1008 744 1040 vestram
773 1004 975 1053 accipiatis
1006 1004 1133 1051 fidem,
1168 1009 1213 1041 ut
1246 1004 1314 1040 hu—

110 1068 302 1105 manitate
331 1072 463 1105 vestra
490 1068 644 1105 levatus
672 1069 805 1117 potius
842 1082 959 1118 quam
988 1069 1204 1106 acerbitate
1236 1070 1314 1106 vio-

110 1133 215 1169 latus
240 1145 322 1169 esse
342 1132 658 1170 videatur.—32.
691 1133 801 1178 Quae
820 1133 868 1170 de
888 1146 1005 1170 causa
1034 1147 1104 1183 pro
1124 1147 1210 1170 mea
1229 1147 1315 1171 con—

111 1197 319 1234 suetudine
366 1197 540 1234 breviter
576 1197 885 1248 simpliciterque
932 1198 1027 1245 dixi,
1063 1199 1227 1247 judices,
1271 1213 1316 1236 ca

112 1263 264 1300 confido
296 1263 463 1312 probata
500 1276 582 1300 esse
620 1263 821 1301 omnibus:
851 1276 951 1313 quae
993 1269 1127 1300 auten]
1166 1269 1316 1301 remota

112 1341 137 1365 a
164 1341 262 1375 mea,
291 1328 549 1378 judicialique
581 1328 866 1366 consuetudine
895 1334 935 1365 et
972 1329 1020 1366 de
1053 1329 1224 1367 hominis
1261 1331 1316 1366 in-

112 1393 228 1443 genio
256 1396 297 1430 et
324 1393 583 1430 communiter
611 1394 659 1430 de
692 1393 816 1443 ipsius
850 1394 982 1431 studio
1020 1394 1176 1431 locutus
1215 1409 1312 1442 sum,

113 1471 170 1505 ea,
195 1458 359 1507 judices,
388 1471 412 1495 a
440 1458 550 1495 vobis
579 1471 692 1508 spero
720 1471 803 1496 esse
830 1459 872 1495 in
900 1459 1044 1497 bonam
1073 1465 1224 1509 partem
1258 1473 1314 1497 ac-

115 1530 239 1574 cepta,
261 1523 311 1559 ab
330 1536 386 1569 eo,
408 1523 475 1576 qui
498 1523 693 1574 judicium
714 1528 880 1571 exercet,
903 1528 1009 1562 certo
1029 1524 1118 1563 scio.
