1565 2251
274 64 324 101 18
795 76 955 105 ORA'rxo.

271 171 347 207 nisi
367 184 432 208 eos
450 170 629 209 doctrina
649 174 783 210 eadem
812 175 1058 212 relaxemus?
1113 175 1197 225 Ego
1218 189 1309 214 vero
1338 177 1462 215 fateor

271 249 333 273 me
351 236 413 273 his
432 238 573 274 studiis
593 251 675 275 esse
696 238 871 275 deditum
891 254 898 277 :
928 245 1077 277 ceteros
1105 241 1264 289 pudeat,
1286 242 1319 278 si
1340 243 1405 291 qui
1424 255 1464 279 se

271 302 328 338 ita
346 302 492 339 litteris
519 303 768 347 abdiderunt,
792 309 838 340 ut
866 305 964 340 nihil
996 305 1148 353 possint
1176 318 1225 342 ex
1254 306 1311 342 eis
1339 319 1463 356 neque

271 367 321 402 ad
358 380 602 404 communem
641 368 797 404 adferre
835 369 1009 406 fructum
1042 383 1168 419 neque
1196 370 1239 407 in
1266 375 1464 420 aspectum

272 432 474 480 lucemque
512 433 714 481 proferre:
744 446 805 470 me
834 441 967 470 autem
997 435 1091 484 quid
1121 435 1279 484 pudeat,
1311 436 1377 485 qui
1407 440 1467 473 tot

271 510 394 532 annos
422 497 480 532 ita
498 497 600 542 vivo,
617 497 781 544 judices,
803 502 849 534 ut
868 511 891 534 a
910 499 1058 535 nullius
1078 512 1263 548 umquam
1284 514 1345 537 me
1373 504 1467 537 tem-

271 574 363 610 pore
391 566 461 597 aut
488 562 688 598 commodo
717 567 788 598 aut
815 563 940 599 otium
969 577 1099 600 meum
1129 565 1368 602 abstraxerit
1396 570 1467 602 aut

274 626 455 674 voluptas
474 626 650 662 avocarit
668 631 739 662 aut
752 626 920 676 denique
934 640 1093 664 somnus
1109 629 1322 670 retardarit
1335 630 1465 666 2—13.

274 692 403 735 Quare
438 691 526 739 quis
558 690 718 726 tandem
753 704 814 727 1116
847 692 1110 740 reprehendat
1141 698 1212 729 aut
1249 693 1336 743 quis
1373 694 1471 730 mihi

267 757 357 805 jure
386 760 621 800 succenseat,
654 756 697 799 si,
731 761 923 804 quantum
953 757 1093 793 ceteris
1121 757 1170 793 ad
1200 771 1290 794 suas
1318 771 1379 795 res
1407 759 1469 795 ob-

272 820 431 866 eundas,
453 825 644 869 quantum
666 820 715 856 ad
746 821 866 857 festos
894 821 976 858 dies
1002 821 1183 858 ludorum
1205 823 1468 869 celebrandos,

273 890 464 934 quantum
503 885 552 921 ad
591 885 687 922 alias
721 886 946 934 voluptates
983 891 1023 923 et
1060 887 1109 923 ad
1143 887 1266 936 ipsam
1296 888 1468 936 requiem

272 950 394 986 animi
414 955 454 986 et
474 951 646 998 corporis
674 951 902 987 conceditur
930 956 1164 1000 temporum,
1187 956 1381 1001 quantum
1402 952 1470 988 alii

274 1015 457 1051 tribuunt
503 1014 750 1064 tempestivis
796 1016 1001 1061 conviviis,
1050 1020 1243 1065 quantum
1299 1016 1470 1066 denique

273 1080 419 1126 aveolo,
443 1084 635 1128 quantum
656 1080 770 1129 pilae,
804 1084 960 1116 tantum
994 1081 1090 1116 mihi
1119 1084 1273 1129 egomet
1306 1081 1470 1118 adhaec

273 1146 404 1182 studia
435 1145 639 1182 recolenda
674 1145 901 1194 sumpsero?
969 1146 1106 1194 Atque
1140 1146 1212 1182 hoc
1245 1146 1333 1182 ideo
1372 1146 1469 1183 mihi

273 1210 562 1248 concedendum
583 1214 642 1247 est
662 1211 795 1259 magis,
819 1210 921 1259 quod
943 1223 992 1247 ex
1012 1210 1072 1246 his
1102 1210 1244 1247 studiis
1264 1210 1359 1247 haec
1380 1223 1469 1260 quo-

273 1289 347 1325 que
366 1276 504 1312 crescit
524 1276 650 1312 oratio
679 1281 719 1311 61,
748 1275 926 1321 facultas,
949 1288 1058 1324 quae⁷
1082 1279 1399 1324 quantacumque
1428 1276 1470 1312 in

273 1355 333 1378 1116
353 1345 423 1386 est,
445 1354 658 1390 numquam
688 1340 902 1376 amicorum
931 1340 1114 1389 periculis
1134 1340 1262 1376 defuit
1281 1354 1288 1377 :
1318 1353 1417 1389 quae
1437 1340 1471 1376 si

273 1407 335 1443 cui
373 1406 496 1442 levior
533 1405 702 1451 videtur,
739 1405 807 1441 illa
833 1404 990 1453 quidem
1029 1409 1145 1451 certe,
1182 1417 1281 1454 quae
1319 1417 1471 1441 summa

275 1478 377 1517 sunt,
409 1483 458 1507 ex
495 1483 572 1520 quo
611 1470 721 1506 fonte
751 1470 930 1505 hauriam
961 1469 1222 1506 sentio—44,
1255 1468 1360 1505 Nam
1394 1469 1471 1506 nisi

274 1536 487 1572 multorum
507 1535 725 1584 praeceptis
746 1534 960 1583 multisque
980 1534 1128 1571 litteris
1148 1534 1247 1570 mihi
1275 1534 1326 1570 ab
1345 1534 1472 1571 adole-

274 1601 422 1638 scentia
450 1600 657 1637 suasissem
686 1599 783 1635 nihil
806 1612 887 1635 esse
909 1599 950 1635 in
980 1599 1065 1635 vita
1094 1612 1236 1648 magno
1265 1612 1381 1648 opere
1408 1612 1471 1636 ex-

273 1667 485 1716 petendum
506 1666 582 1702 nisi
602 1665 757 1701 laudem
777 1669 897 1714 atque
925 1665 1186 1711 honestatem,
1209 1665 1252 1701 in
1272 1677 1318 1701 ea
1337 1669 1468 1701 autem

274 1731 540 1781 persequenda
559 1743 693 1767 omnes
713 1730 910 1766 cruciatus
938 1729 1123 1778 corporis,
1145 1729 1277 1766 omnia
1296 1729 1471 1778 pericula

276 1797 410 1833 mortis
427 1801 545 1845 atque
565 1795 695 1831 exsilii
716 1794 828 1843 parvi
848 1806 930 1830 6336
960 1793 1150 1839 ducenda,
1171 1806 1388 1843 numquam
1409 1806 1471 1830 me

274 1874 343 1911 pro
362 1861 488 1898 salute
508 1864 639 1896 vestra
659 1859 701 1895 in
721 1863 783 1895 tot
811 1871 856 1895 ac
885 1862 1020 1894 tantas
1049 1858 1324 1895 dimicationes
1351 1862 1472 1907 atque

273 1927 314 1964 in
345 1926 415 1963 hos
447 1924 743 1976 profligatorum
778 1922 981 1960 hominum
1015 1921 1268 1973 quotidianos
1297 1923 1470 1973 impetus

961 2033 997 2040 ἢ
