1565 2251
615 46 770 73 ORATIO.
1248 33 1295 70 23

99 145 265 192 Ennius,
286 144 420 195 itaque
448 144 566 181 etiam
596 144 639 180 in
668 143 846 191 sepulcro
875 141 1102 192 Scipionum
1133 144 1300 190 putatur

95 210 129 248 is
148 223 231 247 esse
250 210 491 247 constitutus
507 221 556 245 ex
576 220 769 244 marmore
789 220 799 253 ;
825 210 868 242 at
899 206 955 243 eis
986 205 1171 242 laudibus
1191 209 1297 241 certe

95 288 174 312 non
195 275 318 312 solum
340 274 422 323 ipse
442 273 510 323 qui
530 272 726 318 laudatur,
742 272 808 308 sed
829 271 948 308 etiam
970 270 1105 320 populi
1127 269 1297 306 Romani

95 353 238 377 nomen
258 343 433 376 ornatur.
492 338 542 374 In
563 337 713 374 caelum
734 336 852 385 hujus
872 347 1044 384 proavus
1074 335 1173 372 Cato
1194 334 1295 370 tolli-

96 409 185 441 tur:
215 417 381 453 magnus
402 404 526 439 honos
556 401 691 451 populi
723 400 894 437 Romani
917 400 1032 436 rebus
1053 399 1296 448 adjungitur.

96 468 241 505 Omnes
260 468 429 518 denique
449 468 506 504 illi
530 466 709 512 Maximi,
735 464 924 510 Marcelli,
949 464 1081 501 Fulvii
1102 477 1182 501 non
1211 464 1295 500 sine

99 532 292 569 3ommuni
313 532 488 568 omnium
510 535 689 567 nostrum
707 530 822 566 laude
847 529 1093 565 decorantur.

151 597 368 647 X.-E1·g0
398 598 523 642 illum,
547 597 615 646 qui
644 597 739 633 haec
760 595 916 641 fecerat,
950 595 1153 632 Rudinum
1183 593 1302 630 1101111-

99 676 199 705 nem,
215 663 380 711 majores
400 662 523 699 nostri
541 662 582 698 in
603 660 805 698 civitatem
827 665 1077 710 receperunt3
1108 672 1178 696 1105
1198 659 1302 695 1111110

103 727 408 770 Heracliensem,
441 726 576 763 multis
605 726 836 762 civitatibus
875 725 1111 774 expetitum,
1152 724 1193 759 in
1231 723 1303 760 hac

96 797 229 829 autem
260 792 412 841 legibus
444 791 723 833 constitutum,
749 790 797 827 dc.
829 795 963 827 nostra
991 790 1154 826 civitate
1180 788 1304 836 ejicie-

99 857 212 893 mus'l

152 922 213 959 23.
246 922 351 958 Nam
381 922 412 958 si
443 923 530 971 quis
560 934 751 959 minorem
791 921 937 971 gloriae
976 922 1150 958 fructum
1188 926 1304 970 putat

97 1000 145 1024 ex
176 987 337 1024 Graecis
371 988 549 1024 versibus
583 987 731 1037 percipi
766 1000 881 1036 quam
911 1000 960 1023 ex
993 986 1163 1031 Latinis,
1193 985 1305 1022 vehe-

99 1057 251 1089 menter
266 1058 382 1099 errat,
400 1059 608 1102 propterea
624 1053 726 1102 quod
748 1053 898 1089 Graeca
915 1053 1102 1101 leguntur
1122 1052 1162 1088 in
1183 1051 1305 1088 omni·

100 1117 171 1153 bus
208 1117 291 1154 fere
319 1118 514 1166 gentibus,
548 1117 692 1153 Latina
722 1117 803 1154 suis
832 1117 977 1153 finibus
1011 1116 1168 1165 exiguis
1198 1127 1303 1159 sane,

98 1182 364 1218 continentur.
425 1182 556 1226 Quare
588 1183 619 1218 si
653 1195 713 1218 res
739 1195 817 1227 eae,
845 1182 933 1230 quis
963 1182 1167 1230 gessimus,
1200 1180 1306 1217 orbis

100 1252 225 1282 terrae
254 1246 480 1295 regionibus
513 1246 770 1291 definiuntur,
807 1258 949 1294 cupere
988 1245 1186 1290 debemus,
1228 1256 1305 1293 quo

98 1322 286 1346 manuum
315 1315 542 1346 nostrarum
571 1310 652 1346 tela
681 1310 944 1358 pervenerint,
976 1310 1111 1346 eodem
1140 1309 1304 1358 gloriam

98 1374 321 1424 famamque
350 1380 570 1424 penetrare,
593 1376 697 1425 quod
726 1389 813 1412 cum
835 1375 931 1424 ipsis
950 1375 1118 1424 populis,
1147 1375 1194 1412 de
1215 1388 1307 1424 quo-

99 1452 188 1475 rum
218 1440 335 1476 rebus
360 1440 558 1486 scribitur,
590 1440 684 1477 haec
711 1441 842 1489 ampla
873 1446 977 1486 sunt,
1000 1446 1084 1477 tum
1108 1441 1163 1477 eis
1191 1445 1306 1485 certe,

99 1504 166 1553 qui
196 1504 243 1540 de
271 1505 355 1541 vita
375 1504 522 1553 gloriae
551 1518 668 1542 causa
698 1505 904 1552 dimicant,
931 1505 1004 1542 hoc
1033 1506 1249 1542 maximum
1270 1512 1309 1543 et

99 1569 360 1618 periculorum
378 1570 680 1607 incitamentum
698 1575 758 1607 est
778 1574 817 1607 et
830 1570 1143 1607 laborum.—24.
1178 1571 1306 1616 Quam

98 1635 245 1671 multos
275 1635 486 1683 scriptores
514 1648 645 1672 rerum
685 1648 846 1672 suarum
886 1649 1054 1685 magnus
1091 1636 1159 1672 ille
1192 1635 1308 1672 Alex-

97 1699 221 1736 ander
258 1712 389 1736 secum
434 1700 617 1737 habuisse
667 1701 836 1738 dicitur!
895 1702 1031 1751 Atque
1080 1702 1114 1738 is
1162 1705 1308 1747 tamen,

98 1777 187 1801 cum
217 1765 259 1801 in
294 1765 409 1815 Sigeo
447 1766 495 1802 ad
534 1765 706 1803 Achillis
744 1767 943 1803 tumulum
982 1767 1225 1804 adstitisset:
1258 1767 1309 1804 ‘O

98 1829 321 1866 fortunate’
354 1830 486 1880 inquit
519 1830 771 1878 ‘adolescens,
807 1831 875 1881 qui
906 1836 998 1869 tuae
1031 1831 1194 1869 virtutis
1229 1832 1310 1869 Ho-

99 1907 251 1932 merum
283 1908 513 1944 praeconem
545 1895 786 1934 invenerisl’
854 1897 907 1934 Et
936 1909 1036 1934 vere.
1100 1896 1202 1933 Nam
1235 1897 1311 1934 nisi
