1565 2251
94 0 117 67 ἢ
639 21 799 48 oemio.
1276 13 1322 48 13

119 110 224 169 tiphis
247 118 320 155 hoc
340 119 397 155 ita
417 118 494 155 dici
516 119 619 155 forte
642 118 818 164 miretur,
841 118 945 167 quod
965 118 1044 155 alia
1065 118 1258 168 quaedam
1280 119 1320 154 in

118 183 183 221 hoc
218 184 389 221 facultas
419 185 472 221 sit
502 184 651 233 ingenii
685 196 812 232 neque
832 183 927 219 haec
947 183 1104 220 dicendi
1125 184 1229 220 ratio
1249 187 1321 220 aut

116 247 329 297 disciplina,
352 262 400 286 ne
420 261 491 286 nos
511 248 669 298 quidem
689 248 781 284 huic
802 247 871 283 uni
892 247 1026 284 studio
1056 248 1216 296 penitus
1237 261 1320 284 um-

115 325 226 361 quam
262 313 384 350 dediti
417 313 590 350 fuimus:
618 312 765 349 etenim
800 324 935 348 omnes
971 316 1090 357 artes,
1130 324 1231 361 quae
1269 312 1319 348 ad

117 377 400 415 humanitatem
439 377 655 428 pertinent,
695 376 845 413 habent
882 376 1079 426 quoddam
1113 389 1322 413 commune

119 441 313 479 vinculum
368 448 409 479 et
455 442 567 491 quasi
607 441 842 491 cognatione
897 441 1066 490 quadam
1126 441 1234 478 inter
1279 453 1322 479 sc

115 507 378 544 continentur.

167 571 317 609 11.-—3.
352 572 427 609 Sed
443 585 492 609 ne
512 572 574 608 cui
590 583 769 608 vestrum
790 571 935 607 mirum
954 584 1037 608 esse
1058 571 1243 607 videatur
1261 584 1321 607 me

115 636 157 672 in
175 637 403 686 quaestione
424 636 602 686 legitima
622 641 662 672 et
682 636 724 672 in
752 634 905 685 judicio
935 635 1104 684 publico,
1141 648 1232 671 cum
1260 648 1323 672 res

114 705 251 750 agatur
283 701 389 750 apud
421 706 643 750 praetorem
676 700 815 750 populi
844 700 1030 746 Romani,
1062 700 1318 737 lectissimum

118 765 254 809 virum,
276 771 316 802 et
343 767 449 816 apud
478 766 746 802 severissimos
774 764 939 814 Judices,
975 770 1090 802 tanto
1121 770 1319 802 conventu

117 830 313 868 hominum
334 844 379 868 ac
398 831 633 880 frequentia,
656 831 728 868 hoc
757 831 817 867 uti
851 843 994 880 genere
1028 831 1185 867 dicendi
1217 831 1321 880 quod

115 907 190 932 non
221 896 334 933 modo
364 909 387 932 a
415 896 700 933 consuetudine
723 895 976 945 judiciorum,
999 908 1136 931 verum
1158 895 1277 932 etiam
1298 908 1322 932 a

113 959 256 998 forensi
278 973 456 997 sermone
475 961 698 1006 abhorreat,
721 973 866 1010 quaeso
885 973 909 996 a
937 960 1062 1006 vobis,
1101 964 1147 997 ut
1180 960 1223 996 in
1250 960 1323 997 hac

115 1039 229 1063 causa
248 1026 346 1062 mihi
362 1025 464 1062 detis
478 1025 581 1061 hanc
597 1025 764 1070 veniam,
782 1024 1116 1061 accommodatam
1133 1025 1226 1061 huic
1241 1038 1319 1071 re0‚

116 1092 234 1137 vobis,
265 1103 381 1141 quem
410 1090 461 1127 ad
490 1090 650 1135 modum
685 1103 810 1138 spero,
831 1103 912 1127 non
943 1090 1162 1136 molestam,
1184 1094 1231 1127 ut
1260 1103 1323 1126 me

113 1168 184 1206 pro
204 1167 357 1193 summo
376 1159 492 1203 poeta
512 1160 631 1203 atque
651 1154 919 1191 eruditissimo
938 1155 1097 1191 homine
1113 1155 1321 1201 dicentem,

114 1225 185 1262 hoc
214 1236 404 1262 concursu
435 1223 641 1260 hominum
672 1223 1066 1270 litteratissimorum,
1100 1223 1173 1259 hac
1192 1228 1325 1260 vestra

114 1289 374 1335 humanitate,
396 1289 467 1326 hoc
487 1289 656 1338 denique
676 1293 859 1337 praetore
890 1294 1098 1325 exercente
1127 1288 1321 1337 judicium

114 1354 323 1404 patiamini
343 1354 390 1391 de
411 1354 555 1390 studiis
583 1353 848 1390 humanitatis
876 1366 920 1390 ac
948 1353 1175 1390 litterarum
1206 1354 1324 1402 paulo

114 1419 222 1468 loqui
254 1418 418 1455 liberius
449 1422 490 1455 et
522 1418 565 1454 in
598 1418 683 1467 ejus
714 1418 821 1455 modi
840 1431 1020 1467 persona,
1044 1431 1144 1468 quae
1164 1423 1326 1468 propter

114 1484 239 1521 otium
260 1496 305 1520 ac
324 1484 503 1520 studium
522 1483 685 1520 minime
705 1483 747 1520 in
762 1484 924 1532 judiciis
944 1484 1208 1534 periculisque
1227 1489 1325 1521 trac-

113 1553 200 1586 tata
218 1553 290 1593 est,
312 1549 372 1585 uti
401 1561 521 1598 prope
550 1561 654 1586 novo
686 1549 856 1598 quodam
890 1554 931 1585 et
961 1549 1155 1586 inusitato
1185 1562 1326 1597 genere

113 1613 373 1651 dicendi.—-4.
406 1613 519 1658 Quod
541 1613 574 1649 si
604 1612 701 1649 mihi
732 1626 757 1650 a
786 1613 899 1650 vobis
929 1614 1054 1650 tribui
1088 1614 1326 1663 concedique

113 1678 292 1723 sentiam,
314 1678 514 1727 perficiam
535 1677 714 1727 profecto
734 1682 781 1714 ut
800 1677 906 1714 hunc
935 1679 986 1715 A.
1019 1678 1217 1715 Licinium
1247 1691 1325 1715 non

116 1743 230 1780 modo
249 1755 330 1780 non
345 1743 644 1792 segregandum,
659 1756 747 1780 cum
762 1743 814 1780 sit
827 1743 934 1790 civis,
950 1756 974 1779 a
988 1755 1155 1780 numero
1166 1744 1325 1788 civium,

115 1821 252 1846 verum
282 1808 403 1845 etiam
432 1808 465 1845 si
494 1821 574 1845 non
594 1812 709 1852 esset,
730 1808 882 1858 putetis
901 1808 1170 1845 asciscendum
1192 1808 1323 1846 fuisse.

174 1873 423 1911 HL-Nam
445 1877 493 1911 ut
513 1873 686 1925 primum
706 1886 756 1911 ex
769 1874 903 1926 pueris
916 1874 1263 1914 excessit-,Archias
1272 1885 1326 1912 at
